5563 4328
2460 620 2749 3942 wag es getroſt. Wag’ es getroſt und
2247 587 2514 3963 Du wirſt es nicht bereuen. Eigenthümliche
2023 544 2308 3913 Freuden und Genüſſe werden ſich vor Dir
1735 587 2059 3992 erſchließen. Du wirſt Entdeckungen machen,
1547 573 1829 3729 denn beinah überall wo Du hin kom̄ſt
1331 602 1609 3765 findeſt Du, vom Touriſten-Standpunkt aus,
1100 616 1352 3646 jungfräuliches Land. Du wirſt Schloß=
858 569 1140 3884 Kloſter=Ruinen auffinden, von denen höchſtens
671 616 909 3884 das nächſte Dorf eine Ahnung, eine leiſe Ken̄tniß
479 544 685 3700 hat, Du wirſt Sagen hören und Märchen und
4873 183 5072 346 58
3117 270 4942 504 das Auge dafür hat, der
3109 479 5029 699 mag es, wer es nicht
3109 688 5043 908 hat der bleibe zu Hauſe.
3210 959 5050 1164 Drittens. Wenn Du rei‐
3185 1146 5057 1446 ſen willſt, mußt Du die
3163 1377 5101 1655 Geſchichte dieſes Landes kennen
3189 1648 4971 1821 und lieben. Dies iſt ganz
3199 1850 5036 2088 unerläßlich. Wer nach Küſtrin
3196 2063 5043 2315 kom̄t und auf Baſtion Brandenburg
3196 2290 5014 2513 das alte graugelbe Schloß ſieht
3199 2481 5101 2694 wird es für ein Land‐
3189 2672 5108 2921 armenhaus halten und gleich‐
3171 2888 5079 3137 gültig oder voll entſetzlichen
3185 3098 5101 3350 Mißbehagen daſſelbe umſchreiten
3181 3307 5014 3548 wer aber weiß: hier fiel
3145 3494 4964 3740 Kattes Haupt, hier ſtand der
3160 3682 5140 3895 Kronprinz, hier unter dieſer Thür-
4621 3833 5036 3970 ſchwelle
