5564 4327
475 414 2304 641 wo alles ſeine Taxe hat, der
490 292 2340 475 Menſch ſelber, der doch im̄er das Beſte
475 187 2426 338 bleibt, wird ſich vor Dir erſchloſſen haben.
2495 623 2661 3778 Das Beſte aber was Du finden wirſt,
2271 537 2452 3829 das werden die Menſchen ſein, vorausgeſetzt
2004 609 2271 3807 daß Du Dich darauf verſtehſt mit das
1824 638 2059 3742 rechte Wort für den „gemeinen
1593 631 1857 3933 Mann“ zu finden. Verſchmähe nicht den
1366 681 1637 3843 Strohſack neben dem Kutſcher, laß Dir
1110 674 1337 3778 erzählen von ihm, von ſeinem Haus und
865 667 1139 3714 Hof, von ſeiner Stadt oder ſeinem Dorf,
674 674 905 3890 von ſeiner Soldatenzeit und wunderbare Dinge
522 688 713 3865 werden ſich Dir erſchließen. Du wirſt nichts Aus-
393 742 544 3865 wendiggelerntes gehört haben wie auf den großen Touren
4853 201 5044 400 56
3545 315 4196 655 Einleitung
3288 634 4644 836 Mein lieber Freund.
3450 980 4950 1146 Reiſen in der Mark.
3129 1189 4994 1359 Ja. Aber unter Vorbe‐
3151 1391 5051 1572 dingungen. Wer es wagt
3180 1615 5080 1799 muß mancherlei mitbringen.
3303 1802 5134 2040 1) Liebe zu Land und Leuten,
3339 2026 5051 2188 mindeſtens keine Vorein‐
3364 2217 5073 2405 genom̄enheit. Er muß den
3378 2394 5059 2614 guten Willen haben das
3371 2610 5127 2805 Gute ſo gut wiezu finden
4352 2729 4767 2873 krittliche
3382 2798 5080 2992 und nicht durch Vergleiche
3385 2992 4774 3169 todt zu machen.
3349 3216 5109 3439 2) Er muß eine feinere
3364 3432 4896 3609 Art von Natur= und
3349 3609 5116 3825 Landſchafts=Sinn haben. Es
