5564 4327
2502 2444 2697 3176 (Carwenſer)
2325 858 2614 3829 Die Geschichte vom Soldaten vom Regiment
2123 746 2340 1983 Prinz Ferdinand.
1907 1067 2214 3919 Hat ausgedient. Tritt in Dienſt bei einer alten
1727 764 1983 3836 Wittwe in Carwe, die etwas zurückgekom̄en iſt.
1492 757 1788 3652 Attachirt ſich an den jüngſten Sohn, der lahm
1294 800 1572 3659 lahm und ein Hinkefuß iſt. Er dient jahre
1089 804 1341 3623 lang ohne Lohn zu erhalten. Endlich geht er
872 775 1171 3919 vor Gericht. Die Wittwe erſcheint und beſtätigt alles.
667 775 962 3822 Er ergiebt ſich er hat 64 Reichstaler zu empfangen. Die
555 800 768 3879 Frau will ſie anſchaffen. Nein, ſagt er, es genügt
382 793 605 3757 mir, daß dieſe 64 Reichstaler mein ſind. Stirbt die Frau und
483 530 2149 742 kom̄t das Erbe zur Theilung,
512 349 2134 569 ſo erhält Hinkefuß vorweg
540 230 2077 414 dieſe 64 R. Ich vermache ſie
1770 165 2055 277 ihm.
3119 295 4107 566 Kirche ſelbſt
3176 663 5095 933 Erzz (Eiſen)tafel mit Trophäen
3465 955 4009 1063 oben:
3277 1128 4554 1348 Carl Friedrich
3202 1377 4723 1579 v. d. Knesebeck
3075 1656 5142 1925 geb. zu Carwe 1768, geſt.
3039 1943 5116 2217 zu Berlin 1848. Köngl. preuß.
3039 2257 5102 2466 General Feldmarſchall, focht
3036 2430 4940 2827 zur Ehre ſeines Königs und
2982 2715 5080 2982 ſeiner Nation in ſiebzehn
3029 2963 4958 3216 Schlachten und diente dem
3090 3245 5134 3439 Wohl des Vaterlandes von
3000 3418 5051 3692 ſeinem 13. Lebensjahr bis
3079 3616 5073 3858 zu ſeinem Tode. – Friede
3111 3814 5120 3977 ſeiner Aſche, Ehre ſeinem Andenken
4919 173 5049 358 33
