5563 4327
2445 584 2669 3905 Bukow nach Werneuchen zu kom̄en,
2193 558 2460 3890 mehr zahlen mußt als für eine Fahrt
2002 558 2254 3955 nach Dresden hin und zurück. Nim̄ſt Du
1760 544 2020 3908 Anſtandoß an ſolchen Preiſen und kleinen Aerger-
1515 519 1753 2845 niſſen, – ſo bleibe zu Haus.
1320 832 1587 3800 Haſt Du nun aber alle dieſe Punkte
1096 530 1363 3966 wirklich erwogen, haſt Du wie die Engländer
894 512 1161 3955 ſagen made up your mind | und biſt Du zu
739 933 916 2686 „Deine Seele fertig gemacht“
566 454 775 3879 dem Reſultat gekom̄en: „alles zu allem erwogen, bin
440 501 598 3890 ich der Mann ders wagen kann“ nun denn, ſo
4758 201 4992 418 59
3190 382 5060 562 wurde Katt begraben, – der
3190 581 4986 788 ſieht den alten unſchönen
3170 798 4978 985 Bau mit andern Augen
3221 995 4971 1193 an. – So überall. Wer
3199 1103 4747 1348 zwiſchen Linum und hinfährt
3214 1233 5061 1435 bei Hakenberg vorüberfährt hat
3210 1409 5054 1651 rechts das Luch links ein
3163 1593 4964 1842 paar Sandhügel, der wird
3171 1817 4920 2044 ſich die Schirmkappe übers
3178 2008 5007 2264 Geſicht ziehn und ſie in der
3138 2260 5097 2491 Wagenecke zu nicken ſuchen,
3171 2516 4931 2700 wer aber weiß hier griff
3163 2736 5036 2920 das Regiment Marner an, hier
3124 2924 5003 3101 fiel Froben, hier wurde das
3120 3111 5097 3295 Regiment Dalwigk in Stücke ge‐
3311 3223 4188 3349 hier hielt der Kurfürſt,
3106 3277 5144 3476 hier fiel Froben, und denn
3098 3479 4116 3634 hier wurde Oberſt
3055 3580 4985 3807 Ritter geſchlagen, d dies iſt das
3044 3750 5036 3941 Schlachtfeld von Fehrbellin, der wird
