5563 4328
2442 403 2687 3743 Legenden, Du wirſt auf inmitten alter
2207 432 2485 3649 Kirchen, deren armer zerbröckelter Kirchthurm nur auf
1973 432 2294 3913 Elend deutete, große Wandbilder oder in den
1728 461 2078 3942 Grüften reiche Kupferſärge mit vergoldet ſilbernem
1536 418 1836 3848 Crucifix und vergoldeten Manneszügen finden;
1313 432 1562 3729 Du wirſt Schlachtfelder überſchreiten von
1082 440 1363 3722 denen die Menſchen nicht wiſſen, daß hier
891 432 1132 3848 tief im Moorgrund viele tauſend Wenden
703 411 937 3869 ſtecken und Du wirſt wunderbare Sagen hören
551 432 746 3920 und Legenden und Bruchſtücke halbverklungener Lieder.
404 483 566 3812 Noch einmal, Du wirſt Entdeckungen machen.
4790 194 4978 382 57
3196 353 5000 562 giebt gröbliche Augen,
3225 559 5014 753 die gleich einen Gletſcher
3484 699 3795 843 einen
3243 750 5086 919 oder Meeresſturm ver‐
3243 962 4949 1154 langen, um befriedigt
3225 1172 4985 1402 zu ſein. Dieſe mögen
3236 1377 4992 1590 zu Hauſe bleiben. Es
3816 1522 4271 1666 märkiſchen
3236 1612 4992 1824 iſt mit der Natur wie
3564 1756 3964 1907 manchen
3236 1824 4888 2034 mit den Frauen. „Auch
3292 2050 5017 2260 die häßlichſte Natur – ſagt das
3280 2296 5038 2491 Sprüchwort – hat im̄er noch
3286 2506 4978 2762 7 Stärken.“ Ganz ſo iſt
3218 2730 5086 2914 es mit der märkiſchen Natur;
3236 2910 5090 3155 Auch ſie hat e wenige Punkte
3264 3148 5003 3390 ſind ſo arm und häßlich, daß
3272 3350 5108 3610 ſie nicht auch 7 Schönheiten*
3218 3582 5002 3743 hätten. Man muß ſie nur
3207 3736 4996 3945 zu finden verſtehn. Wer
2990 1760 3228 3945 *In einer Anmerkung: Schinkel, Blechen,
2864 1972 3077 3913 Riefſtahl die die märk: Landſchaft
2799 2171 2943 3797 nicht verſchmähten. Dies ausführen.
