5563 4327
2500 609 2716 3923 der Wagen ein unabweisliches Fußreiſe-Bedürf-
2276 562 2492 3941 niß, ſo iſt das Reiſen theuer. Eiſenbahnen
2081 544 2298 3699 ſind in den wenigſten Fällen nutzbar, das
1875 530 2070 3897 Abpaſſen der Züge iſt nicht möglich oder uner-
1641 486 1872 3858 träglich, alſo – Wagen. Fuhrwerk aber iſt
1406 544 1652 3858 theuer. Man merkt Dir bald an, daß Du
1168 526 1439 3872 fort willſt oder wohl gar fort mußt und
984 512 1208 3847 die märkiſche Art iſt nicht ſo aller Kaufman-
753 436 1017 3937 ſchaft bar und blos, daß ſie daraus nicht Vortheil
566 418 800 3652 ziehen ſollte. Enfin es kann Dir paſſiren daß
454 403 613 3544 Du für um von Fürſtenwalde nach Bukow oder von
4805 227 4992 364 60
3066 259 5003 558 freilich auch Luch und Haide
3091 526 4992 735 mit andern Augen ſehn.
3170 822 4848 980 Viertens. Du mußt nicht
3103 1014 5038 1192 allzu ſehr durch den Comfort
3122 1228 4993 1394 der „großen Touren“ verwöhnt
3125 1411 4916 1603 und verweichlicht ſein. Es
3163 1593 5083 1806 wird einem ſelten das Schlim̄ſte
3204 1807 4974 2004 zugemuthet, aber es kom̄t
3204 2043 4964 2201 doch vor und was das
3163 2252 5065 2473 Schlim̄ſte iſt, es iſt unberechenbar
3091 2437 4935 2657 wo es vorkom̄en wird und
3106 2694 5099 2863 wo nicht. Zuſtände von Unkultur,
3106 2888 5011 3147 Rohheit (?) Verwahrloſung ſchieben
3156 3115 5043 3313 ſich in die Zuſtände, modernen
3079 3341 4959 3488 Cultur‐Lebens ein und während
3045 3524 4885 3663 Du eben noch an der Doſſe
3005 3704 5082 3858 das beſte Lager fandeſt, findeſt Du
