4096 6144
1365 785 2280 938 Wer, auſſer mir
1334 890 3696 1044 Und ich zuerſt entband euch aller Schranken
1327 1041 3768 1211 Philiſterhaft einklemmender Gedanken?
1324 1198 3532 1382 Ich aber frey, wie mir’s im Geiſte ſpricht,
1317 1341 3512 1522 Verfolge froh mein innerliches Licht,
1334 1491 3795 1679 Und wandle raſch, im eigenſten Entzücken,
1310 1645 3822 1839 Das Helle vor mir, Finſterniß im Rücken.
3116 1860 3457 2017 / ab :/
2068 2017 2573 2191 Mephiſt.
1297 2205 3638 2379 Original fahr hin in deiner Pracht! –
1303 2368 3522 2525 Wie würde dich die Einſicht kränken:
1331 2522 3880 2689 Wer kann was Dummes, wer was Kluges denken
1283 2689 3478 2877 Das nicht die Vorwelt ſchon gedacht?
1276 2853 3870 3044 Doch ſind wir auch mit dieſem nicht gefährdet,
1320 3000 3804 3205 In wenig Jahren wird es anders ſeyn.
1338 3174 3860 3389 Wenn ſich der Moſt auch ganz abſurd gebärdet,
1334 3348 3440 3546 Es giebt zuletzt doch noch e’ Wein.
1812 3529 3208 3693 /: Zu dem jüngern Parterre
2020 3648 3051 3805 das nicht applaudirt :/
1385 3812 3375 3966 Ihr bleibt bey meinem Worte kalt,
1406 3952 3409 4143 Euch guten Kindern laß ich’s gehen;
1406 4109 3290 4270 Bedenkt: der Teufel der iſt alt,
1426 4253 3464 4454 So werdet alt, ihn zu verſtehen!
