4096 6144
1314 914 1597 1105 Fauſt.
727 1129 2501 1320 Nein gleich ſollſt du verſammelt ſchauen
706 1300 2232 1464 Der Helden ungetrennten Kreis:
723 1430 2532 1597 Nur der verdient die Gunſt der Frauen,
709 1570 2365 1740 Der kräftigſt ſie zu ſchützen weis.
291 1710 3041 1935 (Zu den Heerführern, die ſich von den Colonnen abſondern heran treten.)
768 1884 2232 2058 Mit angehaltnem ſtillen Wüthen,
750 1989 2430 2194 Das euch gewiß den Sieg verſchafft,
778 2140 2286 2331 Ihr Nordens jugendliche Blüthen,
778 2286 2327 2508 Ihr Oſtens blumenreiche Kraft.
757 2508 2587 2727 In Stahl gehüllt, vom Strahl umwittert,
750 2655 2539 2863 Die Schaar die Reich um Reich zerbrach,
771 2822 2498 3027 Sie treten auf, die Erde ſchüttert,
791 2973 2399 3198 Sie ſchreiten fort, es donnert nach.
778 3184 2273 3403 An Pylos traten wir zu Lande,
757 3348 2239 3553 Der alte Neſtor iſt nicht mehr,
785 3478 2201 3682 Und alle kleine Königsbande
802 3648 2406 3863 Zerſprengt das ungebundne Heer.
798 3853 2696 4048 Drängt ungeſäumt von dieſen Mauern
808 4000 2269 4198 Jetzt Menelas dem Meer zurück;
819 4171 2443 4341 Dort irren mag er, rauben, lauren,
829 4317 2433 4546 Ihm war es Neigung und Geſchick.
829 4563 2314 4768 Herzoge ſoll ich euch begrüßen
832 4706 2167 4904 Gebietet Sparta’s Königin,
836 4864 2703 5055 Nun legt ihr Berg und Thal zu Füßen,
839 5000 2375 5198 Und euer ſey des Reichs Gewinn.
