4096 6144
1515 916 3496 1152 Das Gaukeln ſchafft kein feſtes Glück.
1505 1080 3773 1300 Ich weiß nichts an der Schlacht zu wenden,
1542 1245 3471 1440 Begannen ſie’s, ſie mögen’s enden,
1536 1409 3225 1617 Ich gebe meinen Stab zurück.
1945 1561 2467 1740 Kaiſer.
1571 1725 3578 1960 Behalt ihn bis zu beſſern Stunden,
1559 1949 3696 2126 Die uns vielleicht das Glück verleiht.
1573 2085 3822 2307 Mir ſchaudert vor dem garſtigen Kunden,
1580 2280 3365 2450 Und ſeiner Rabentraulichkeit.
2053 2411 2984 2636 /: zu Mephiſt :/
1559 2580 3611 2757 Den Stab kann ich dir nicht verleihen,
1561 2728 3676 2923 Du ſcheinſt mir nicht der rechte Mann,
1571 2882 3671 3107 Befiehl, und ſuch uns zu befreyen;
1566 3068 3505 3290 Geſchehe, was geſchehen kann.
2360 3230 3921 3456 /: ab ins Zelt mit dem Ob. Gen :/
2114 3466 2662 3671 Mephiſt.
1576 3599 3840 3834 Mag ihn der ſtumpfe Stab beſchützen!
1587 3799 3696 3988 Uns andern könnt er wenig nützen,
1587 3937 3773 4167 Es war ſo was vom Kreuz daran.
2112 4119 2512 4314 Fauſt.
1594 4280 2611 4491 Was iſt zu thun.
2119 4481 2635 4648 Mephiſt.
2484 4628 3566 4802 Es iſt gethan! –
1566 4720 3850 4940 Nun ſchwarze Vettern, raſchim Dienen,
1530 4879 3886 5130 Zum großen Bergſee! grüßt mir die Undinen,
1600 5079 3751 5273 Und bittet ſie um ihrer Fluthen Schein.
