4096 6144
1614 925 3379 1157 Biſt du Baucis, die, geſchäftig,
1624 1116 3372 1286 Halberſtorbnen Mund erquickt?
1634 1406 3474 1587 Du Philemon, der, ſo kräftig,
2027 1245 3631 1464 /: der Gatte tritt auf :/
1628 1525 3548 1745 Meinen Schatz der Fluth entrückt?
1638 1669 3363 1894 Eure Flam̄en raſchen Feuers,
1633 1822 3435 2096 Eures Glöckchens Silberlaut,
1641 2013 3505 2187 Jenes grauſen Abentheuers
1655 2164 3570 2334 Löſung war Euch anvertraut.
1822 2338 3744 2501 Und nun laßt hervor mich treten,
1638 2461 3594 2638 Schaun das gränzenloſe Meer;
1645 2607 3508 2775 Laßt mich knien, laßt mich beten,
1643 2739 3553 2949 Mich bedrängt die Bruſt zu ſehr.
1843 2897 3911 3169 /: Er ſchreitet vorwärts auf der Düne :/
1908 3147 3222 3345 Philemon zu Baucis.
1658 3292 3399 3517 Eile nur den Tiſch zu decken,
1643 3456 3696 3691 Wo’s im Gärtchen munter blüht.
1648 3599 3742 3865 Laß ihn rennen, laß ihn ſchrecken,
1641 3799 3829 4017 Denn er glaubt nicht was er ſieht.
1634 4143 3621 4321 Das Euch grimmig mißgehandelt,
1972 3990 3829 4188 / neben dem Wandrer ſtehend :/
1679 4254 3752 4495 Wog’ auf Woge, ſchäumend wild,
1638 4428 3640 4650 Seht als Garten ihr behandelt,
1658 4577 3461 4765 Seht ein paradieſiſch Bild.
1648 4715 3701 4925 Aelter, war ich nicht zu Handen,
1694 4858 3671 5068 Hülfreich nicht wie ſonſt bereit,
1699 5012 3763 5212 Und, wie meine Kräfte ſchwanden,
1669 5125 3599 5416 War auch ſchon die Woge weit.
