4096 6144
1187 752 3179 952 Erzbiſchoff. /: hat ſich beurlaubt, kehrt aber
498 1047 3024 1215 Dann widmeſt du zugleich dem Werke, wie’s entſteht,
1809 914 2819 1088 beim Ausgang um :/
494 1187 2696 1372 Geſam̄te Landsgefälle: Zehnten, Zinſen, Beet,
491 1326 3133 1515 Für ewig. Viel bedarfs zu würdiger Unterhaltung,
481 1479 3138 1669 Und ſchwere Koſten macht die ſorgliche Verwaltung.
471 1648 3153 1846 Zum ſchnellen Aufbau ſelbſt auf ſolchem wüſten Platz,
464 1819 3065 2000 Reichſt du uns einiges Gold, aus deinem Beuteſchatz.
465 1960 3184 2160 Daneben braucht man auch, ich kann es nicht verſchweigen,
484 2123 3184 2317 Entferntes Holz und Kalk und Schiefer und dergleichen.
464 2280 3061 2467 Die Fuhren thut das Volk, vom Predigtſtuhl belehrt,
471 2440 3034 2655 Die Kirche ſegnet den der ihr zu Dienſten fährt.
1368 2713 1843 2901 Kaiſer.
2556 2594 2833 2754 / ab :/
529 2870 3184 3075 Die Stünd’ iſt groß und ſchwer womit ich mich beladen,
471 3025 3235 3266 Das leidige Zaubervolk bringt mich in großen Schaden.
1338 3184 3240 3460 Erzb. /: abermals zurückkehrend mit
1768 3334 3072 3522 tiefſter Verbeugung :/
512 3471 3189 3686 Verzeih o Herr! Es ward dem ſehr verrufnen Mann
484 3662 3287 3843 Des Reiches Strand verliehen; doch dieſen trifft der Bann,
501 3816 3126 4014 Verleihſt du reuig nicht der hohen Kirchenſtelle,
477 3990 3249 4191 Auch dort, den Zehnten, Zins und Gaben und Gefälle.
518 4300 3181 4468 Das Land iſt noch nicht da, im Meere liegt es breit.
1310 4136 2667 4357 Kaiſer /: verdrießlich :/
506 4520 3261 4741 Wer’s Recht hat und Geduld für den kom̄t auch die Zeit
1331 4464 1761 4556 Erzb.
508 4706 3229 4881 Für uns mög Euer Wort in sein Kräften bleiben!
1348 4870 2406 5044 Kaiſer /: allein :/
512 4981 3230 5207 So könnt’ ich wohl zunächſt das ganze Reich verſchreiben.
