4096 6144
1583 733 3491 921 Was iſt’s zuletzt mit dieſen Stolzen?
1607 880 3415 1100 Die Götterbilder ſtanden groß, –
1587 1064 3389 1242 Zerſtörte ſie ein Erdeſtoß;
1617 1232 3737 1413 Längſt ſind ſie wieder eingeſchmolzen.
1751 1440 3618 1590 Das Erdetreiben, wie’s auch ſey,
1566 1582 3527 1781 Iſt immer doch nur Plackerey;
1556 1761 3686 1950 Dem Leben frommt die Welle beſſer;
1556 1959 3525 2140 Dich trägt ins ewige Gewäſſer
1590 2129 2775 2304 Proteus=Delphin.
2385 2263 3732 2478 /: er verwandelt ſich :/
2344 2462 3553 2708 Schon iſts gethan!
1576 2631 3676 2867 Da ſoll es dir zum ſchönſten glücken,
1553 2819 3570 3010 Ich nehme dich auf meinen Rücken
1484 2993 3310 3198 Vermähle dich dem Ocean.
2165 3189 2657 3384 Thales.
1563 3348 3662 3553 Gieb nach dem löblichen Verlangen
1525 3525 3727 3747 Von vorn die Schöpfung anzufangen,
1501 3700 3495 3915 Zu raſchem Wirken ſey bereit!
1559 3887 3778 4061 Da regſt du dich nach ewigen Normen,
1508 4048 3754 4232 Durch tauſend aber‿tauſend Formen,
914 4283 1419 4464 Proteus=
1556 4208 3775 4365 Und bis zum Menſchen haſt du Zeit.
1894 4317 3809 4491 /: Homunk. beſteigt den Delphin :/
2140 4433 2698 4577 Proteus.
2933 4403 3404 4582 feuchte
1522 4543 3495 4669 Kom̄ geiſtig mit uns in die Weite,
1529 4642 3723 4829 Da lebſt du gleich in Läng’ und Breite,
1518 4778 3201 4945 Beliebig regeſt du dich hier;
1525 4901 3754 5085 Nur ſtrebe nicht nach höheren Orden,
2058 4997 2278 5099 erſt
1256 5024 3713 5225 erſtbiſt du einmal ein Menſch geworden,
1525 5174 3283 5358 Dann iſt es völlig aus mit dir.
