<?xml version="1.0" encoding="UTF-8"  standalone="yes"?>
<PcGts xmlns="http://schema.primaresearch.org/PAGE/gts/pagecontent/2019-07-15" xmlns:xsi="http://www.w3.org/2001/XMLSchema-instance" xsi:schemaLocation="http://schema.primaresearch.org/PAGE/gts/pagecontent/2019-07-15 http://schema.primaresearch.org/PAGE/gts/pagecontent/2019-07-15/pagecontent.xsd">
  <Metadata>
	<Creator>escriptorium</Creator>
	<Created>2023-07-08T12:30:08.166835+00:00</Created>
        <LastChange>2023-07-08T12:30:08.166848+00:00</LastChange>

  </Metadata>
  <Page imageFilename="391098_0295_0.jpg" imageWidth="4096" imageHeight="6144">

    
    <TextRegion id="eSc_textblock_8c784fb4"  custom="structure {type:text;}">
      <Coords points="2140,764 2344,778 2454,860 2440,1088 2211,1116 2112,1198 2440,1228 2604,1310 2618,1416 2495,1583 2481,1703 2645,2085 2850,2143 2908,2293 3246,2334 3341,2416 3464,3778 3287,3973 3273,4379 3382,4464 3450,4625 3382,4747 3232,4833 3232,4898 3259,4993 3368,5038 3423,5133 3396,5335 3314,5389 3054,5403 573,5362 518,5307 477,4365 559,2553 641,2389 1051,2304 1024,2157 955,2099 1024,1730 969,1378 996,1297 1184,1256 1324,1143 1269,1102 1269,832 1310,791 2140,764"/>
      
      
      <TextLine id="eSc_line_3efa7d50" custom="structure {type:default;}">
        <Coords points="2360,793 2140,788 2135,788 2129,788 2094,803 1996,855 1802,814 1710,798 1704,798 1699,798 1694,798 1669,819 1617,849 1285,834 1285,988 1280,1034 1351,1064 1356,1064 1361,1064 1367,1064 1448,1039 2401,1064 2411,1008 2406,824 2360,793"/>
        <Baseline points="1289,991 1996,986 2413,1013"/>
        <TextEquiv>
          <Unicode>Vierter Aufzug. Act.</Unicode>
        </TextEquiv>
      </TextLine>

      
      
      <TextLine id="eSc_line_b141ddf0" custom="structure {type:default;}">
        <Coords points="1382,1249 1385,1334 1498,1286 1587,1327 1594,1331 1597,1331 1600,1331 1604,1331 1607,1331 1611,1327 1679,1286 1768,1286 1809,1320 1815,1327 1815,1331 1819,1331 1822,1331 1826,1331 1829,1331 1870,1320 1928,1303 2013,1314 2020,1245 2010,1191 1901,1198 1877,1191 1819,1167 1815,1167 1812,1167 1809,1167 1805,1167 1771,1191 1761,1198 1689,1198 1675,1191 1634,1167 1631,1167 1628,1167 1624,1167 1542,1184 1454,1167 1450,1167 1447,1167 1378,1187 1382,1249"/>
        <Baseline points="1382,1249 2020,1245"/>
        <TextEquiv>
          <Unicode>Hochgebirg,</Unicode>
        </TextEquiv>
      </TextLine>

      
      
      <TextLine id="eSc_line_fafec1b5" custom="structure {type:default;}">
        <Coords points="993,1399 1000,1484 1047,1440 1286,1440 1331,1474 1338,1481 1341,1481 1344,1481 1348,1481 1351,1481 1375,1474 1457,1440 1495,1467 1512,1481 1515,1481 1518,1481 1522,1484 1607,1484 1607,1481 1611,1481 1614,1481 1614,1477 1628,1464 1641,1450 1655,1464 1669,1474 1669,1477 1672,1477 1675,1477 1679,1481 1809,1481 1809,1477 1812,1477 1853,1457 1877,1440 1897,1454 1911,1464 1914,1464 1918,1464 1921,1464 1925,1464 1928,1464 1928,1460 1938,1454 1966,1430 2020,1430 2061,1447 2112,1474 2116,1474 2119,1477 2245,1477 2245,1474 2249,1474 2344,1440 2382,1426 2461,1426 2478,1433 2515,1454 2519,1454 2522,1454 2525,1454 2580,1430 2580,1382 2573,1324 2447,1293 2443,1293 2440,1293 2341,1320 2263,1286 2259,1286 2256,1286 2252,1286 2164,1324 2085,1286 2082,1286 1942,1286 1938,1286 1935,1286 1839,1327 1754,1290 1751,1290 1747,1290 1744,1290 1740,1290 1740,1293 1699,1331 1645,1331 1590,1297 1587,1297 1583,1297 1580,1297 1576,1297 1573,1297 1525,1334 1406,1334 1310,1293 1307,1293 1303,1293 1300,1293 1211,1320 1119,1297 1116,1297 1112,1297 1109,1297 1105,1297 1105,1300 1075,1327 989,1338 993,1399"/>
        <Baseline points="993,1399 2580,1382"/>
        <TextEquiv>
          <Unicode>ſtarke zackige Felſen=Gipfel,</Unicode>
        </TextEquiv>
      </TextLine>

      
      
      <TextLine id="eSc_line_b715b329" custom="structure {type:default;}">
        <Coords points="1078,1542 1078,1570 1126,1594 1129,1594 1133,1594 1136,1594 1140,1594 1140,1590 1160,1573 1385,1587 1389,1587 1518,1570 1607,1607 1611,1607 1614,1611 1689,1611 1689,1607 1693,1607 1696,1607 1696,1604 1699,1604 1716,1583 1805,1604 1809,1604 1812,1604 1815,1604 1815,1600 1843,1576 1880,1604 1884,1604 1887,1604 1890,1607 1955,1607 1955,1604 1959,1604 1962,1604 2024,1566 2030,1563 2075,1563 2075,1566 2112,1597 2112,1600 2116,1600 2119,1600 2123,1604 2218,1604 2218,1600 2222,1600 2344,1563 2344,1529 2338,1477 2109,1457 2106,1457 2102,1457 2058,1481 2030,1454 2030,1450 2027,1450 2024,1450 2020,1450 2017,1450 2013,1450 1966,1481 1962,1484 1955,1481 1870,1454 1867,1454 1863,1454 1860,1454 1856,1454 1819,1477 1768,1464 1764,1464 1761,1464 1757,1464 1672,1488 1669,1488 1665,1488 1638,1460 1638,1457 1634,1457 1631,1457 1437,1457 1433,1457 1430,1457 1426,1457 1382,1484 1300,1460 1297,1460 1293,1460 1290,1460 1225,1495 1075,1495 1078,1542"/>
        <Baseline points="1078,1542 2344,1529"/>
        <TextEquiv>
          <Unicode>eine Wolke zieht herbey,</Unicode>
        </TextEquiv>
      </TextLine>

      
      
      <TextLine id="eSc_line_38cbac02" custom="structure {type:default;}">
        <Coords points="1075,1706 1075,1744 1136,1744 1204,1778 1208,1778 1211,1778 1215,1778 1286,1740 1327,1774 1331,1774 1334,1774 1338,1778 1389,1778 1389,1774 1495,1771 1498,1771 1566,1733 1570,1733 1607,1733 1682,1733 1727,1764 1730,1764 1733,1764 1737,1764 1740,1764 1870,1727 1877,1727 1887,1727 2177,1757 2181,1757 2341,1716 2341,1679 2331,1583 2208,1587 2205,1587 2201,1587 2201,1590 2164,1628 2071,1594 2048,1587 2044,1587 2041,1587 2037,1587 2034,1587 2020,1597 1979,1624 1918,1604 1901,1597 1897,1597 1894,1597 1890,1597 1887,1597 1880,1604 1839,1638 1624,1638 1590,1621 1553,1597 1549,1597 1546,1597 1542,1597 1539,1597 1484,1624 1464,1634 1443,1628 1392,1611 1389,1611 1385,1611 1382,1611 1378,1611 1344,1631 1331,1641 1324,1634 1290,1604 1286,1604 1283,1604 1228,1604 1225,1604 1221,1604 1218,1604 1163,1641 1150,1648 1071,1648 1075,1706"/>
        <Baseline points="1075,1706 2341,1679"/>
        <TextEquiv>
          <Unicode>lehnt ſich an, ſenkt ſich</Unicode>
        </TextEquiv>
      </TextLine>

      
      
      <TextLine id="eSc_line_99161e17" custom="structure {type:default;}">
        <Coords points="1068,1863 1071,1914 1153,1887 1218,1908 1225,1911 1228,1911 1232,1914 1324,1914 1324,1911 1327,1911 1344,1904 1392,1880 1495,1897 1501,1897 1505,1897 1508,1897 1512,1897 1542,1877 1604,1894 1638,1901 1641,1901 1645,1901 1648,1901 1679,1890 1723,1873 1795,1884 1880,1897 1884,1897 1887,1897 1921,1880 1942,1870 1993,1877 2123,1894 2126,1894 2430,1856 2430,1832 2420,1768 2338,1785 2321,1768 2307,1757 2304,1757 2300,1757 2297,1757 2293,1757 2290,1757 2290,1761 2280,1771 2259,1792 2211,1792 2187,1771 2160,1751 2157,1751 2153,1751 2013,1751 2010,1751 2007,1751 1955,1778 1918,1798 1590,1802 1566,1785 1542,1764 1539,1764 1536,1764 1532,1764 1529,1764 1460,1788 1447,1792 1437,1788 1365,1764 1361,1764 1358,1764 1215,1768 1211,1768 1208,1768 1177,1795 1153,1812 1064,1798 1068,1863"/>
        <Baseline points="1068,1863 2430,1832"/>
        <TextEquiv>
          <Unicode>auf eine vorſtehende</Unicode>
        </TextEquiv>
      </TextLine>

      
      
      <TextLine id="eSc_line_a6572cc9" custom="structure {type:default;}">
        <Coords points="1003,2013 1006,2078 1082,2044 1191,2065 1194,2065 1198,2065 1256,2048 1290,2071 1300,2078 1303,2078 1307,2078 1310,2078 1399,2068 1631,2037 1809,2054 1812,2054 1815,2054 1880,2037 1904,2054 1921,2068 1925,2068 1928,2068 1931,2071 2075,2071 2075,2068 2078,2068 2140,2048 2184,2034 2252,2034 2263,2044 2283,2061 2283,2065 2286,2065 2290,2065 2293,2065 2563,2034 2563,1996 2560,1928 2478,1904 2474,1904 2471,1904 2467,1904 2423,1928 2167,1928 2068,1890 2065,1890 1938,1890 1935,1890 1931,1890 1829,1931 1720,1908 1716,1908 1713,1908 1665,1931 1515,1914 1512,1914 1406,1935 1402,1935 1245,1901 1054,1901 1051,1901 1047,1901 1044,1901 1000,1928 1003,2013"/>
        <Baseline points="1003,2013 2563,1996"/>
        <TextEquiv>
          <Unicode>Platte herab. Sie theilt ſich.</Unicode>
        </TextEquiv>
      </TextLine>

      
      
      <TextLine id="eSc_line_bf3296a2" custom="structure {type:default;}">
        <Coords points="1351,2252 1351,2339 1530,2304 1730,2324 1853,2339 1858,2339 1863,2339 1868,2339 1894,2319 1940,2288 2140,2288 2181,2309 2222,2329 2227,2329 2232,2329 2237,2329 2309,2304 2350,2288 2380,2298 2472,2339 2478,2339 2483,2344 2667,2344 2667,2339 2672,2339 2795,2283 2795,2252 2785,2129 2718,2165 2437,2165 2411,2140 2380,2109 2380,2104 2375,2104 2370,2104 2365,2104 2360,2104 2355,2104 2298,2140 2283,2150 2257,2140 2216,2129 2211,2129 2206,2129 2201,2129 2196,2129 2181,2145 2155,2160 2129,2145 2053,2104 2048,2104 1935,2104 1930,2104 1925,2104 1920,2104 1868,2150 1817,2114 1812,2114 1807,2114 1802,2114 1658,2129 1525,2104 1520,2104 1515,2104 1510,2104 1448,2160 1443,2165 1351,2165 1351,2252"/>
        <Baseline points="1353,2254 2797,2255"/>
        <TextEquiv>
          <Unicode>Fauſt. /: tritt hervor :/</Unicode>
        </TextEquiv>
      </TextLine>

      
      
      <TextLine id="eSc_line_ff0b8924" custom="structure {type:default;}">
        <Coords points="662,2488 665,2553 750,2519 826,2549 829,2549 832,2553 1078,2553 1078,2549 1082,2549 1095,2542 1129,2525 1297,2536 1300,2536 1454,2508 1512,2532 1532,2542 1536,2542 1652,2546 1655,2546 1733,2529 1751,2525 1781,2529 1955,2542 1959,2542 1962,2542 2037,2522 2099,2501 2232,2501 2549,2505 2556,2508 2611,2529 2614,2529 2618,2529 2717,2505 2751,2498 3003,2498 3010,2498 3150,2529 3153,2529 3157,2529 3263,2491 3263,2471 3256,2362 2836,2362 2833,2362 2829,2362 2819,2365 2734,2402 2385,2402 2348,2375 2344,2375 2341,2375 2338,2375 2123,2406 2071,2375 2068,2375 2065,2375 2000,2375 1996,2375 1983,2375 1870,2402 1822,2379 1798,2368 1795,2368 1792,2368 1788,2368 1761,2379 1744,2385 1693,2382 1614,2372 1611,2372 1607,2372 1604,2372 1590,2382 1542,2413 1211,2413 1088,2389 1082,2389 1078,2389 1075,2389 1071,2389 1041,2413 952,2413 877,2392 815,2375 812,2375 808,2375 658,2392 662,2488"/>
        <Baseline points="662,2488 3263,2471"/>
        <TextEquiv>
          <Unicode>Der Einſamkeiten tiefſte ſchauend unter meinem Fuß,</Unicode>
        </TextEquiv>
      </TextLine>

      
      
      <TextLine id="eSc_line_cfb9ab86" custom="structure {type:default;}">
        <Coords points="566,2658 566,2686 675,2706 679,2706 682,2706 686,2706 686,2703 706,2686 713,2679 723,2686 771,2710 774,2710 778,2710 781,2710 846,2686 849,2682 853,2686 897,2720 901,2720 904,2720 907,2723 996,2723 996,2720 1000,2720 1003,2720 1061,2682 1071,2676 1092,2682 1198,2717 1201,2717 1204,2717 1208,2717 1338,2679 1351,2676 1355,2679 1402,2717 1406,2717 1409,2717 1413,2720 1634,2720 1634,2717 1638,2717 1641,2717 1696,2676 1703,2669 1778,2669 1792,2676 1850,2713 1853,2713 1856,2713 1860,2713 1863,2713 1979,2672 1989,2669 1993,2672 2051,2713 2054,2713 2058,2713 2061,2717 2242,2717 2242,2713 2245,2713 2338,2669 2348,2665 2402,2669 2699,2689 2703,2689 2856,2662 2860,2645 2856,2583 2768,2542 2764,2542 2604,2542 2600,2542 2597,2542 2495,2580 2379,2542 2375,2542 2372,2542 2368,2542 2365,2542 2304,2590 2239,2590 2187,2556 2184,2556 2181,2556 2177,2556 2174,2556 2082,2580 1986,2546 1983,2546 1979,2546 1976,2546 1972,2546 1914,2587 1805,2563 1802,2563 1798,2563 1727,2590 1604,2560 1600,2560 1597,2560 1594,2560 1590,2560 1590,2563 1556,2594 1515,2594 1378,2560 1375,2560 1143,2594 1058,2573 1054,2573 1051,2573 1047,2573 1044,2573 1013,2594 962,2563 959,2563 955,2563 952,2563 948,2563 863,2594 781,2553 778,2553 662,2553 658,2553 655,2553 563,2594 566,2658"/>
        <Baseline points="566,2658 1703,2638 2860,2645"/>
        <TextEquiv>
          <Unicode>Betret’ ich wohlbedächtig dieſer Gipfel Saum,</Unicode>
        </TextEquiv>
      </TextLine>

      
      
      <TextLine id="eSc_line_f2c79372" custom="structure {type:default;}">
        <Coords points="600,2795 600,2856 768,2843 856,2856 880,2860 884,2860 887,2860 894,2856 945,2829 1030,2850 1034,2850 1037,2850 1157,2826 1286,2850 1290,2850 1293,2850 1341,2826 1477,2826 1645,2843 1648,2843 1938,2833 1972,2850 2007,2870 2010,2870 2013,2874 2157,2874 2157,2870 2160,2870 2211,2850 2242,2839 2351,2850 2498,2863 2501,2863 2590,2850 2645,2839 2689,2846 2751,2860 2754,2860 2757,2860 2788,2846 2809,2839 2819,2846 2850,2874 2853,2874 2856,2874 2860,2874 3044,2856 3072,2877 3075,2877 3078,2877 3082,2880 3167,2880 3167,2877 3170,2877 3256,2846 3351,2846 3355,2816 3355,2754 3225,2720 3222,2720 3218,2720 2921,2754 2901,2754 2880,2754 2648,2717 2583,2717 2580,2717 2577,2717 2573,2717 2522,2751 2505,2751 2344,2734 2341,2734 2140,2747 2123,2747 2119,2747 2071,2713 2068,2713 2065,2713 1979,2710 1744,2710 1740,2710 1737,2710 1655,2744 1652,2744 1293,2744 1293,2740 1215,2710 1211,2710 1208,2710 1085,2740 1078,2740 1075,2740 1030,2710 1027,2710 1024,2710 1020,2710 1017,2710 962,2730 897,2706 894,2706 890,2706 750,2730 713,2706 709,2706 706,2706 703,2706 699,2706 600,2734 600,2795"/>
        <Baseline points="600,2795 3355,2816"/>
        <TextEquiv>
          <Unicode>Entlaſſend meiner Wolke Tragewerk, die mich ſanft</Unicode>
        </TextEquiv>
      </TextLine>

      
      
      <TextLine id="eSc_line_577e3b8e" custom="structure {type:default;}">
        <Coords points="593,2945 590,2962 669,2996 672,2996 675,2996 764,2979 938,3003 942,3003 945,3003 1013,2979 1047,2996 1051,2996 1054,2996 1143,2979 1184,3000 1187,3000 1191,3000 1307,2976 1406,3007 1409,3007 1413,3007 1416,3007 1419,3007 1464,2976 2078,2976 2109,2983 2177,2996 2181,2996 2348,2986 2433,2983 2454,2990 2542,3017 2546,3017 2778,3020 2781,3020 3177,2996 3181,2976 3177,2897 3078,2908 3031,2894 2952,2870 2949,2870 2945,2870 2942,2870 2938,2870 2901,2894 2877,2908 2710,2891 2686,2891 2682,2891 2679,2891 2676,2891 2645,2904 2621,2891 2611,2884 2607,2884 2604,2884 2600,2884 2563,2891 2495,2904 2447,2891 2368,2863 2365,2863 2157,2863 2153,2863 2150,2863 2092,2887 2061,2901 2013,2901 1993,2884 1962,2860 1959,2860 1955,2860 1952,2860 1839,2884 1788,2894 1751,2884 1679,2860 1675,2860 1672,2860 1669,2860 1621,2880 1590,2897 1559,2880 1549,2877 1546,2877 1542,2877 1539,2877 1532,2880 1505,2894 1331,2894 1303,2877 1259,2856 1256,2856 1198,2856 1194,2856 1191,2856 1187,2856 1160,2877 1136,2894 931,2894 901,2874 870,2860 866,2860 863,2860 860,2860 829,2874 805,2887 781,2874 744,2850 740,2850 737,2850 733,2850 593,2870 593,2945"/>
        <Baseline points="593,2945 2454,2955 3181,2976"/>
        <TextEquiv>
          <Unicode>An klaren Tagen über Land und Meer geführt.</Unicode>
        </TextEquiv>
      </TextLine>

      
      
      <TextLine id="eSc_line_91dd7f96" custom="structure {type:default;}">
        <Coords points="576,3102 573,3130 703,3147 706,3147 709,3147 737,3133 750,3126 761,3133 808,3170 812,3170 815,3170 1037,3174 1041,3177 1437,3177 1437,3174 1440,3174 1559,3143 1576,3140 1594,3143 1682,3170 1686,3170 1689,3170 1693,3170 1744,3150 1836,3177 1839,3177 1843,3177 1846,3177 1850,3177 1890,3150 2003,3181 2007,3181 2010,3181 2013,3181 2075,3150 2088,3143 2143,3150 2170,3153 2174,3153 2177,3153 2181,3153 2184,3150 2211,3136 2488,3136 2519,3157 2542,3167 2546,3167 2549,3167 2624,3157 2737,3140 2870,3160 2904,3164 2908,3164 2911,3164 2921,3160 2959,3143 3328,3164 3334,3123 3334,3051 3293,3034 3290,3034 3287,3034 3191,3054 3133,3065 2713,3065 2686,3051 2621,3027 2618,3027 2402,3024 2399,3024 2396,3024 2392,3024 2368,3041 2259,3024 2256,3024 2252,3024 2249,3024 2211,3051 2201,3058 2030,3058 2017,3051 1955,3031 1952,3031 1949,3031 1945,3031 1897,3051 1884,3058 1744,3058 1727,3051 1645,3020 1641,3020 1542,3020 1539,3020 1536,3020 1457,3051 1450,3054 1365,3054 1361,3048 1324,3020 1320,3020 1317,3020 1314,3020 1211,3041 1037,3013 1034,3013 931,3037 901,3013 897,3013 894,3013 890,3013 887,3013 808,3034 645,3013 641,3013 638,3013 576,3044 576,3102"/>
        <Baseline points="576,3102 3334,3123"/>
        <TextEquiv>
          <Unicode>Sie löſt ſich langſam, nicht zerſtiebend, von mir ab.</Unicode>
        </TextEquiv>
      </TextLine>

      
      
      <TextLine id="eSc_line_fd9cbc6c" custom="structure {type:default;}">
        <Coords points="576,3273 576,3293 638,3297 699,3348 703,3348 706,3348 709,3351 791,3351 791,3348 795,3348 798,3348 856,3304 938,3348 942,3348 945,3348 948,3348 1061,3300 1215,3348 1218,3348 1221,3348 1225,3348 1351,3297 1361,3293 1873,3293 1884,3297 1935,3328 1938,3328 1942,3328 1945,3328 1949,3328 2037,3297 2041,3293 2205,3293 2211,3297 2283,3348 2286,3348 2290,3348 2293,3351 2416,3351 2416,3348 2420,3348 2423,3348 2488,3304 2560,3304 2747,3345 2751,3348 3048,3348 3048,3345 3051,3345 3188,3297 3188,3276 3184,3198 3092,3167 3089,3167 2962,3167 2959,3167 2955,3167 2952,3167 2914,3198 2740,3174 2737,3174 2734,3174 2686,3198 2621,3167 2618,3167 2614,3167 2611,3167 2546,3201 2542,3201 2375,3184 2372,3184 2170,3201 2109,3174 2106,3174 2102,3174 1880,3201 1850,3181 1846,3181 1843,3181 1839,3181 1764,3191 1669,3170 1665,3170 1662,3170 1658,3170 1628,3198 1518,3174 1515,3174 1512,3174 1454,3201 1351,3170 1348,3170 1344,3170 1341,3170 1338,3170 1297,3205 1194,3205 1102,3174 1099,3174 1095,3174 856,3194 819,3170 815,3170 812,3170 648,3170 645,3170 641,3170 573,3201 576,3273"/>
        <Baseline points="576,3273 2344,3263 3188,3276"/>
        <TextEquiv>
          <Unicode>Nach Oſten ſtrebt die Maſſe mit geballtem Zug,</Unicode>
        </TextEquiv>
      </TextLine>

      
      
      <TextLine id="eSc_line_97df219d" custom="structure {type:default;}">
        <Coords points="588,3486 727,3466 778,3491 788,3496 793,3496 798,3496 803,3496 819,3491 936,3450 998,3476 1003,3476 1008,3476 1489,3461 1530,3491 1546,3502 1551,3502 1556,3502 1561,3502 1566,3502 1597,3491 1674,3456 1704,3491 1720,3502 1720,3507 1725,3507 1730,3507 1735,3507 1740,3507 1797,3491 1884,3461 1945,3486 1950,3486 1955,3486 1960,3486 2017,3461 2421,3486 2452,3486 2457,3486 2462,3486 2467,3486 2544,3466 2600,3486 2631,3496 2636,3496 2641,3496 2703,3486 2775,3471 2795,3486 2836,3517 2841,3517 2846,3517 2851,3522 3292,3522 3292,3517 3297,3517 3404,3481 3409,3440 3404,3363 3118,3363 3102,3353 3041,3322 3036,3322 3031,3322 2892,3348 2851,3358 2841,3348 2826,3328 2821,3328 2821,3322 2816,3322 2810,3322 2805,3322 2800,3322 2713,3343 2662,3317 2657,3317 2524,3317 2519,3317 2513,3317 2508,3317 2483,3343 2462,3353 2104,3353 2032,3333 1960,3312 1955,3312 1950,3312 1848,3328 1720,3348 1638,3322 1592,3307 1587,3307 1377,3307 1372,3307 1367,3307 1361,3307 1361,3312 1351,3317 1320,3348 1177,3348 1157,3317 1152,3317 1152,3312 1146,3312 1141,3312 1136,3312 1116,3312 747,3338 599,3302 593,3415 588,3486"/>
        <Baseline points="595,3420 3413,3444"/>
        <TextEquiv>
          <Unicode>Ihr ſtrebt das Auge ſtaunend in Bewundrung nach.</Unicode>
        </TextEquiv>
      </TextLine>

      
      
      <TextLine id="eSc_line_f5a6d282" custom="structure {type:default;}">
        <Coords points="566,3577 566,3604 628,3604 631,3604 675,3635 679,3635 682,3635 686,3638 839,3638 839,3635 843,3635 890,3614 1037,3642 1041,3645 1201,3645 1201,3642 1204,3642 1297,3614 1341,3604 1399,3618 1450,3628 1454,3628 1457,3628 1484,3618 1515,3607 1614,3621 1675,3628 1679,3628 1682,3628 1696,3621 1713,3611 1730,3621 1764,3645 1768,3645 1771,3645 1774,3645 1778,3645 1826,3624 1829,3621 2051,3618 2082,3628 2170,3662 2174,3662 2177,3665 2310,3665 2310,3662 2314,3662 2368,3635 2375,3631 2402,3635 2461,3642 2464,3642 2467,3642 2471,3642 2478,3635 2491,3624 2532,3638 2604,3659 2607,3659 2611,3659 2614,3659 2689,3638 2723,3631 2768,3642 2822,3652 2826,3652 2874,3642 2928,3631 2969,3645 3010,3659 3013,3659 3017,3659 3020,3659 3068,3645 3089,3642 3116,3645 3194,3662 3198,3662 3310,3648 3314,3618 3314,3566 3164,3536 3160,3536 3065,3556 3000,3522 2996,3522 2993,3522 2990,3522 2894,3556 2839,3556 2744,3556 2556,3553 2549,3549 2484,3512 2481,3512 2478,3512 2379,3525 2310,3508 2307,3508 2304,3508 2300,3508 2184,3539 2170,3543 1870,3536 1870,3532 1788,3498 1785,3498 1781,3498 1662,3512 1580,3495 1576,3495 1573,3495 1570,3495 1522,3525 1515,3529 1484,3525 1385,3508 1382,3508 1378,3508 1331,3522 1314,3525 1300,3522 1225,3488 1221,3488 1030,3485 1027,3485 1024,3485 935,3508 822,3488 819,3488 815,3488 757,3508 754,3508 750,3508 645,3478 641,3478 638,3478 634,3478 566,3502 566,3577"/>
        <Baseline points="566,3577 1392,3577 3314,3618"/>
        <TextEquiv>
          <Unicode>Sie theilt ſich wandelnd, wogenhaft, veränderlich.</Unicode>
        </TextEquiv>
      </TextLine>

      
      
      <TextLine id="eSc_line_464ae88b" custom="structure {type:default;}">
        <Coords points="529,3741 525,3761 631,3778 634,3778 757,3768 819,3761 843,3768 965,3809 969,3809 972,3812 1153,3812 1153,3809 1157,3809 1232,3775 1252,3764 1713,3771 1737,3781 1809,3805 1812,3805 1815,3805 1938,3785 2000,3775 2041,3785 2164,3826 2167,3826 2273,3829 2276,3833 2362,3833 2362,3829 2365,3829 2368,3829 2426,3792 2440,3785 2457,3792 2553,3833 2556,3833 2747,3836 2751,3836 2754,3836 2829,3809 2952,3840 2955,3840 2959,3840 2962,3840 3054,3802 3061,3799 3072,3802 3150,3840 3153,3840 3157,3840 3160,3840 3259,3805 3290,3795 3392,3805 3399,3775 3396,3672 3170,3706 2901,3703 2856,3669 2853,3669 2850,3669 2846,3669 2836,3669 2768,3686 2740,3669 2717,3655 2713,3655 2710,3655 2628,3655 2624,3655 2621,3655 2587,3669 2525,3696 2467,3669 2426,3652 2423,3652 2273,3648 2269,3648 2140,3669 2058,3682 2007,3669 1921,3645 1918,3645 1764,3642 1761,3642 1658,3665 1573,3638 1570,3638 1566,3638 1433,3669 1385,3679 1365,3669 1303,3635 1300,3635 1297,3635 1041,3648 1037,3648 1003,3669 993,3672 955,3669 836,3652 832,3652 744,3669 730,3669 727,3669 686,3645 682,3645 679,3645 529,3665 529,3741"/>
        <Baseline points="529,3741 1385,3737 3399,3775"/>
        <TextEquiv>
          <Unicode>Doch will ſich’s modeln. Ja! das Auge trügt mich nicht! </Unicode>
        </TextEquiv>
      </TextLine>

      
      
      <TextLine id="eSc_line_1cfed04f" custom="structure {type:default;}">
        <Coords points="537,3891 532,3932 593,3968 599,3968 604,3968 762,3973 768,3973 773,3973 880,3927 911,3927 1136,3927 1141,3932 1162,3957 1167,3957 1167,3962 1172,3962 1177,3962 1182,3962 1187,3962 1192,3962 1228,3937 1280,3978 1280,3983 1285,3983 1290,3983 1295,3983 1495,3937 1505,3937 1510,3942 1561,3988 1561,3993 1566,3993 1571,3993 1576,3993 1582,3993 1664,3962 1735,3998 1740,3998 1745,3998 1751,3998 1756,3998 1827,3947 1832,3947 1945,3947 2186,3952 2263,4008 2268,4008 2273,4008 2524,4019 2529,4019 2534,4019 2631,3968 2826,3968 2903,4029 2908,4029 2913,4029 2918,4034 3046,4034 3046,4029 3051,4029 3056,4029 3056,4024 3107,3973 3112,3952 3112,3845 3010,3814 3005,3814 3000,3814 2995,3814 2913,3845 2897,3850 2892,3845 2856,3814 2856,3809 2851,3809 2846,3809 2841,3809 2836,3809 2769,3840 2749,3850 2611,3850 2590,3834 2534,3799 2529,3799 2524,3799 2519,3799 2268,3829 2216,3834 2196,3829 2099,3788 2094,3788 2088,3788 2083,3788 1966,3824 1935,3829 1904,3819 1745,3778 1740,3778 1735,3778 1582,3814 1556,3819 1510,3814 1290,3778 1285,3778 1039,3804 1013,3804 1008,3804 967,3763 967,3758 962,3758 957,3758 952,3758 947,3758 855,3788 747,3752 742,3752 737,3752 537,3788 537,3891"/>
        <Baseline points="542,3894 1645,3901 3117,3955"/>
        <TextEquiv>
          <Unicode>Auf ſonnbeglänzten Pfühlen herrlich hingeſtreckt,</Unicode>
        </TextEquiv>
      </TextLine>

      
      
      <TextLine id="eSc_line_48a9dd22" custom="structure {type:default;}">
        <Coords points="542,4068 539,4147 621,4150 624,4150 628,4150 634,4147 713,4106 911,4106 996,4143 1017,4154 1020,4154 1024,4154 1027,4154 1058,4143 1102,4130 1126,4143 1143,4157 1146,4157 1150,4157 1153,4160 1341,4160 1341,4157 1344,4157 1375,4143 1433,4113 1457,4133 1457,4136 1460,4136 1464,4136 1467,4136 1471,4136 1546,4113 1672,4140 1785,4164 1788,4164 1792,4164 1795,4164 1832,4140 1870,4116 2024,4116 2208,4119 2235,4136 2297,4167 2300,4167 2304,4167 2307,4167 2406,4140 2505,4171 2508,4171 2512,4171 2515,4171 2611,4133 2638,4123 2699,4130 2699,4133 2754,4174 2757,4174 2761,4174 2764,4177 2874,4177 2874,4174 2877,4174 2945,4140 2979,4157 2983,4157 2986,4157 2990,4157 3044,4130 3242,4130 3246,4099 3246,4027 3072,4007 3068,4007 3065,4007 3061,4007 3037,4024 3003,4044 2717,4044 2679,4020 2652,4000 2648,4000 2645,4000 2641,4000 2481,4017 2467,4017 2447,4017 2266,3997 2263,3997 2259,3997 2198,4014 2123,4034 2051,4014 1989,3993 1986,3993 1983,3993 1979,3993 1976,3993 1949,4010 1911,4034 1751,4034 1573,4031 1539,4007 1515,3990 1512,3990 1508,3990 1443,3986 1440,3986 1293,4003 1283,4003 1273,4003 1187,3986 1184,3986 1181,3986 1146,4003 1102,4020 798,4020 754,3997 713,3979 709,3979 706,3979 542,3993 542,4068"/>
        <Baseline points="542,4068 3246,4099"/>
        <TextEquiv>
          <Unicode>Zwar rieſenhaft, ein göttergleiches Fraungebild,</Unicode>
        </TextEquiv>
      </TextLine>

      
      
      <TextLine id="eSc_line_28b37a37" custom="structure {type:default;}">
        <Coords points="527,4259 522,4326 660,4331 665,4331 670,4331 675,4331 680,4326 727,4285 778,4326 788,4331 793,4331 798,4331 803,4331 808,4331 834,4321 936,4285 1013,4321 1039,4331 1044,4331 1049,4331 1054,4331 1100,4316 1208,4285 1413,4285 1459,4311 1484,4331 1489,4331 1495,4331 1500,4336 1592,4336 1592,4331 1597,4331 1602,4331 1633,4311 1658,4290 1689,4305 1745,4336 1751,4336 1756,4336 1761,4336 1873,4305 1925,4290 2068,4300 2329,4321 2334,4321 2339,4321 2344,4321 2385,4295 2391,4290 2396,4295 2447,4321 2452,4321 2457,4321 2688,4295 2892,4336 2897,4336 2903,4336 2908,4336 2969,4285 2974,4270 2964,4177 2744,4183 2723,4177 2672,4142 2667,4142 2662,4142 2657,4142 2652,4142 2590,4172 2519,4136 2513,4136 2508,4136 2503,4136 2355,4177 2344,4177 2304,4142 2298,4142 2293,4142 2288,4142 2283,4142 2278,4142 2252,4162 2017,4136 2012,4136 1802,4142 1797,4142 1792,4142 1751,4177 1699,4136 1694,4136 1689,4136 1684,4136 1679,4136 1674,4136 1628,4177 1623,4183 1029,4183 1024,4177 962,4131 957,4131 952,4131 947,4131 773,4157 609,4131 604,4131 599,4131 527,4167 527,4259"/>
        <Baseline points="531,4263 2976,4274"/>
        <TextEquiv>
          <Unicode>Ich ſeh’s! Junonen ähnlich, Leda’n, Helenen,</Unicode>
        </TextEquiv>
      </TextLine>

      
      
      <TextLine id="eSc_line_f9e17896" custom="structure {type:default;}">
        <Coords points="563,4427 563,4464 621,4481 624,4481 628,4481 631,4481 634,4481 651,4464 665,4454 682,4464 696,4471 699,4471 703,4471 706,4471 733,4464 791,4450 846,4464 860,4468 863,4468 866,4468 887,4464 952,4450 972,4464 976,4468 979,4468 983,4468 986,4471 986,4468 989,4468 993,4468 996,4464 1017,4450 1044,4464 1068,4474 1071,4474 1075,4474 1078,4474 1116,4464 1167,4450 1187,4464 1239,4498 1242,4498 1245,4498 1249,4502 1416,4502 1416,4498 1419,4498 1495,4464 1525,4450 1573,4464 1594,4468 1597,4468 1600,4468 1604,4468 1607,4468 1614,4464 1628,4454 1641,4464 1713,4498 1716,4498 1720,4498 1723,4498 1798,4461 1826,4450 2133,4450 2160,4461 2242,4498 2245,4498 2249,4502 2416,4502 2416,4498 2420,4498 2461,4478 2501,4498 2505,4498 2508,4502 2679,4502 2679,4498 2682,4498 2686,4498 2734,4461 2740,4454 2771,4461 2860,4478 2863,4478 3194,4457 3194,4427 3194,4372 3126,4334 3123,4334 3119,4334 3048,4338 3044,4338 3041,4338 2993,4375 2843,4375 2740,4328 2737,4328 2734,4328 2730,4328 2648,4365 2590,4348 2587,4348 2583,4348 2580,4348 2577,4348 2539,4372 2536,4375 2211,4375 2208,4372 2123,4328 2119,4328 2116,4328 2112,4328 2030,4369 2024,4375 1921,4375 1914,4369 1829,4328 1826,4328 1720,4328 1716,4328 1713,4328 1710,4328 1658,4365 1604,4331 1600,4331 1597,4331 1594,4331 1590,4331 1518,4348 1471,4328 1467,4328 1464,4328 1460,4328 1375,4358 1187,4328 1184,4328 1181,4328 1177,4328 1116,4365 1102,4375 911,4375 901,4365 853,4328 849,4328 846,4328 689,4328 686,4328 682,4328 679,4328 634,4365 624,4369 563,4365 563,4427"/>
        <Baseline points="563,4427 3194,4427"/>
        <TextEquiv>
          <Unicode>Wie majeſtätiſch lieblich mir’s im Auge ſchwankt.</Unicode>
        </TextEquiv>
      </TextLine>

      
      
      <TextLine id="eSc_line_87c8715f" custom="structure {type:default;}">
        <Coords points="3394,4520 3302,4520 3292,4515 3256,4490 3251,4490 3246,4490 3240,4490 3097,4515 3077,4520 3061,4515 2928,4469 2923,4469 2918,4469 2913,4469 2851,4505 2785,4459 2780,4459 2775,4459 2769,4459 2764,4459 2626,4515 2508,4485 2503,4485 2498,4485 2493,4485 2370,4515 2350,4520 2334,4515 2170,4454 2165,4454 1827,4454 1822,4454 1817,4454 1812,4454 1745,4515 1633,4474 1628,4474 1623,4474 1617,4474 1612,4474 1612,4480 1571,4515 1566,4520 1157,4520 1146,4515 1039,4449 1034,4449 1029,4449 675,4449 670,4449 665,4449 660,4449 660,4454 599,4515 512,4515 512,4613 506,4659 624,4638 711,4669 757,4684 762,4684 768,4689 926,4689 926,4684 931,4684 936,4684 936,4679 947,4669 983,4638 1469,4638 1530,4679 1546,4689 1551,4689 1556,4689 1561,4695 1792,4695 1792,4689 1797,4689 1802,4689 1812,4679 1879,4638 2216,4638 2478,4684 2483,4684 2488,4684 2493,4684 2493,4679 2524,4654 2713,4669 2718,4669 2723,4669 2780,4643 2831,4689 2831,4695 2836,4695 2841,4695 2846,4700 3112,4700 3112,4695 3118,4695 3123,4695 3169,4659 3409,4695 3420,4633 3409,4551 3394,4520"/>
        <Baseline points="515,4614 2191,4601 3423,4634"/>
        <TextEquiv>
          <Unicode>Ach! ſchon verrückt ſich’s! Formlos breit und aufgethürmt,</Unicode>
        </TextEquiv>
      </TextLine>

      
      
      <TextLine id="eSc_line_9d2d6afa" custom="structure {type:default;}">
        <Coords points="537,4817 588,4853 593,4853 599,4853 604,4853 609,4853 727,4817 1192,4858 1198,4858 1510,4812 1530,4812 1797,4876 1915,4876 1986,4848 1991,4848 1996,4848 2001,4848 2007,4848 2078,4823 2191,4864 2196,4864 2201,4864 2385,4823 2421,4817 2437,4823 2488,4848 2493,4848 2498,4848 2503,4848 2508,4848 2534,4833 2565,4858 2565,4864 2570,4864 2575,4864 2580,4864 2836,4828 2841,4802 2836,4705 2703,4705 2698,4700 2641,4664 2636,4664 2631,4664 2626,4664 2621,4664 2616,4664 2570,4700 2565,4705 2298,4705 2293,4700 2186,4648 2181,4648 2176,4648 2022,4684 1909,4648 1904,4648 1899,4648 1894,4648 1889,4648 1832,4695 1827,4700 1582,4700 1576,4695 1520,4643 1515,4643 1510,4643 1505,4643 1300,4689 1295,4689 1141,4638 1136,4638 1131,4638 1126,4638 942,4684 624,4638 619,4638 614,4638 542,4674 542,4782"/>
        <Baseline points="546,4785 1921,4778 2843,4807"/>
        <TextEquiv>
          <Unicode>Ruht es in Oſten, fernen Eisgebirgen gleich</Unicode>
        </TextEquiv>
      </TextLine>

      
      
      <TextLine id="eSc_line_1fb2ebf8" custom="structure {type:default;}">
        <Coords points="549,4935 546,4980 672,4986 740,5021 744,5021 747,5024 983,5024 983,5021 986,5021 989,5021 1051,4980 1075,4966 1218,4980 1266,4983 1269,4983 1331,4980 1460,4969 1525,4973 1532,4980 1594,5024 1597,5024 1600,5024 1604,5024 1607,5024 1696,4986 1757,5024 1761,5024 1764,5024 1897,5027 1901,5027 1904,5027 2034,4976 2044,4973 2058,4976 2170,5027 2174,5027 2177,5027 2307,5000 2341,5027 2344,5027 2348,5027 2351,5027 2471,5014 2498,5031 2501,5031 2505,5031 2508,5031 2512,5031 2665,4983 2737,5000 2740,5000 2744,5000 2747,5000 2826,4976 2962,4976 3007,4997 3010,4997 3013,4997 3150,4973 3153,4949 3150,4843 2986,4843 2983,4843 2979,4843 2976,4843 2894,4894 2781,4843 2778,4843 2775,4843 2771,4843 2648,4894 2078,4894 2000,4857 1996,4857 1993,4857 1989,4857 1850,4891 1751,4891 1675,4836 1672,4836 1669,4836 1665,4836 1662,4836 1566,4881 1426,4836 1423,4836 1419,4836 1262,4853 1201,4833 1198,4833 1194,4833 1191,4833 1095,4887 849,4887 750,4833 747,4833 549,4829 549,4935"/>
        <Baseline points="549,4935 3153,4949"/>
        <TextEquiv>
          <Unicode>Und ſpiegelt blendend flüchtger Tage großen Sinn.</Unicode>
        </TextEquiv>
      </TextLine>

      
      
      <TextLine id="eSc_line_0cafa74e" custom="structure {type:default;}">
        <Coords points="771,5133 771,5178 962,5160 1003,5181 1017,5188 1020,5188 1024,5188 1027,5188 1030,5188 1037,5181 1068,5160 1290,5160 1447,5184 1529,5198 1532,5198 1536,5198 1580,5188 1645,5171 1887,5171 1911,5191 1935,5208 1938,5208 1942,5208 2095,5212 2099,5212 2191,5191 2232,5184 2317,5195 2399,5201 2402,5201 2406,5201 2430,5195 2457,5188 2481,5195 2539,5212 2542,5212 2546,5212 2638,5195 2672,5191 2802,5198 2938,5205 2969,5229 2973,5229 2976,5229 2979,5229 3082,5205 3208,5236 3211,5236 3215,5236 3365,5201 3368,5184 3365,5109 3304,5120 3242,5106 3157,5085 3153,5085 3150,5085 3109,5102 3089,5113 3054,5102 2996,5085 2993,5085 2990,5085 2897,5099 2894,5099 2891,5099 2829,5082 2826,5082 2822,5082 2819,5082 2771,5099 2734,5109 2710,5096 2676,5075 2672,5075 2669,5075 2570,5072 2566,5072 2563,5072 2508,5092 2481,5102 2420,5092 2341,5079 2338,5079 2334,5079 2331,5079 2317,5089 2304,5099 2106,5099 2051,5085 1914,5058 1911,5058 1737,5079 1689,5085 1675,5079 1621,5051 1617,5051 1614,5051 1365,5075 1300,5079 1276,5072 1215,5051 1211,5051 1208,5051 1204,5051 1143,5068 1133,5072 1061,5068 989,5065 962,5041 962,5038 959,5038 955,5038 952,5038 771,5061 771,5133"/>
        <Baseline points="771,5133 1860,5140 3368,5184"/>
        <TextEquiv>
          <Unicode>Doch mir umſchwebt ein zarter lichter Nebelſtreif</Unicode>
        </TextEquiv>
      </TextLine>

      
      
      <TextLine id="eSc_line_e44bc71f" custom="structure {type:default;}">
        <Coords points="535,5277 532,5314 634,5348 638,5348 641,5352 764,5352 764,5348 768,5348 856,5321 907,5307 928,5324 955,5345 959,5345 962,5345 965,5345 969,5345 1027,5324 1064,5314 1484,5314 1549,5335 1553,5335 1556,5335 1628,5321 1652,5338 1693,5369 1696,5369 1699,5369 1703,5369 1706,5369 1795,5341 1856,5324 2082,5328 2150,5348 2256,5379 2259,5379 2263,5379 2266,5379 2331,5352 2372,5335 2413,5355 2467,5382 2471,5382 3044,5393 3048,5393 3051,5393 3119,5369 3170,5352 3232,5372 3266,5382 3269,5382 3273,5382 3334,5372 3338,5317 3338,5246 3283,5225 3280,5225 3276,5225 3188,5246 3174,5246 2785,5242 2771,5232 2723,5201 2720,5201 2717,5201 2713,5201 2498,5225 2443,5232 2416,5225 2317,5195 2314,5195 2310,5195 2119,5218 2041,5225 2007,5215 1955,5195 1952,5195 1949,5195 1945,5195 1942,5195 1918,5212 1904,5222 1884,5212 1850,5195 1846,5195 1843,5195 1839,5195 1798,5208 1768,5218 1669,5205 1607,5198 1604,5198 1573,5201 1508,5215 1491,5201 1460,5178 1457,5178 1454,5178 1450,5178 1116,5188 1064,5171 1061,5171 1058,5171 1054,5171 996,5188 942,5205 897,5184 880,5178 877,5178 873,5178 843,5184 771,5201 744,5181 727,5167 723,5167 720,5167 716,5167 535,5174 535,5277"/>
        <Baseline points="535,5277 1392,5273 3338,5317"/>
        <TextEquiv>
          <Unicode>Noch Bruſt und Stirn, erheiternd, kühl und ſchmeichelhaft.</Unicode>
        </TextEquiv>
      </TextLine>

      
    </TextRegion>
    

    
  </Page>
</PcGts>
