4096 6144
1273 768 1846 955 Mephiſtoph.
737 938 2566 1129 Wo hat der Mann ſich hingethan?
716 1099 2570 1290 Führt mich zu ihm, bringt ihn heran.
692 1413 2546 1583 Ach! ſein Verbot iſt gar zu ſcharf,
1300 1280 1850 1409 Famulus.
716 1566 2600 1730 Ich weiß nicht ob ichs wagen darf.
709 1713 2884 1877 Monate lang, des großen Werkes willen,
706 1856 2652 2017 Lebt’ er im aller ſtillſten Stillen.
706 2030 2655 2194 Der zarteſte gelehrter Männer
723 2181 2795 2341 Er ſieht aus wie ein Kohlenbrenner,
727 2321 2880 2498 Geſchwärzt vom Ohre bis zur Naſen,
723 2461 2829 2648 Die Augen roth vom Feuer blaſen,
727 2616 2524 2816 So lechzt er jedem Augenblick;
733 2781 2669 2979 Geklirr der Zange giebt Muſick.
1419 3003 1740 3181 Meph.
750 3140 2897 3297 Sollt’ er den Zutritt mir verneinen,
781 3283 3201 3467 Ich bin der Mann das Glück ihm zu beſchleunen.
1187 3485 3290 3672 Der Famulus geht ab, Mephiſtopheles
1529 3624 3143 3799 ſetzt ſich gravitätiſch nieder.)
764 3788 2611 3976 Kaum hab’ ich Poſto hier gefaßt
764 3945 3225 4119 Regt ſich dort hinten, mir bekannt, ein Gaſt.
761 4123 3000 4266 Doch diesmal iſt er von den Neuſten,
774 4290 3085 4474 Er wird ſich gränzenlos erdreuſten.
3150 583 3252 669 55
2382 5338 3130 5485 Baccalaureus
