4096 6144
965 682 1054 778 84
1611 948 3843 1153 Und dazwiſchen ſchreit unbändig grell Silenus
2901 1129 3471 1297 öhrig Thier.
1665 1245 3938 1443 Nichts geſchont! Geſpaltne Klauen treten alle
2887 1416 3560 1546 Sitte nieder,
1658 1525 3928 1696 Alle Sinne wirbeln taumlich, gräßlich übertäubt
2897 1689 3345 1826 das Ohr.
1669 1766 3896 1996 Nach der Schaale tappen Trunkne, überfüllt ſind
2877 1925 3758 2135 Kopf und Wänſte,
1686 2058 3918 2273 Sorglich iſt noch ein und andrer, doch vermehrt
2904 2235 3669 2372 er die Tumulte,
1699 2298 3845 2554 Denn um neuen Moſt zu bergen, leert man
2887 2505 3945 2713 raſch den alten Schlauch.
2140 2662 3302 2913 /: Der Vorhang fällt :/
2170 2892 2672 3138 Phorkyas
2513 3092 3875 3322 /: Im Proſcenium richtet ſich
2464 3283 3880 3471 rieſenhaft auf, tritt aber von
2447 3435 3906 3624 den Cothurnen herunter, lehnt
2426 3594 3857 3785 Maske und Schleyer zurück
2457 3742 3916 3978 und zeigt ſich als Mephiſtopheles,
2457 3906 3906 4126 um, in ſo fern es nöthig wäre,
2447 4070 3973 4336 im Epilog das Stück zu comenti :/
