4096 6144
1959 795 3949 972 Ameiſen. / von der coloſſalen Art :/
1467 962 3952 1153 Ihr ſprecht von Gold, wir hatten viel geſam̄elt,
1467 1116 3913 1283 In Fels und Höhlen heimlich eingerammelt;
1447 1256 3720 1440 Das Arimaspen„Volk hat’s ausgeſpürt,
1471 1419 3942 1594 Sie lachen dort, wie weit ſie’s weggeführt.
1495 1716 3956 1921 Wir wollen ſie ſchon zum Geſtändniß bringen.
2065 1580 2549 1781 Greife.
2063 1914 2764 2063 Arimaspen.
1505 2058 3628 2256 Nur nicht zur freyen Jubelnacht.
1512 2225 3829 2402 Bis morgen iſts alles durchgebracht,
1604 2385 3898 2542 Es wird uns diesmal wohl gelingen.
2136 2556 3935 2771 Meph. /: hat ſich zwiſchen die Sphynxe
3013 2693 3437 2867 geſetzt :/
1515 2795 3921 3015 Wie leicht und gern ich mich hierher gewöhne,
1525 2976 3642 3147 Denn ich verſtehe Mann für Mann.
1549 3276 3573 3467 Wir hauchen unſre Geiſtertöne
2218 3123 2703 3317 Sphynx.
1570 3437 3587 3597 Und ihr verkörpert ſie alsdann.
1546 3556 3942 3741 Jetzt nenne dich bis wir dich weiter ken̄en!
1525 3863 3959 3990 Mit vielen Namen glaubt man mich zu nen̄en –
2314 3734 2703 3918 Meph.
1532 3993 3857 4171 Sind Britten hier? Sie reiſen ſonſt ſo viel,
1532 4143 3932 4324 Schlachtfeldern nachzuſpüren, Waſſerfällen,
1525 4290 3942 4495 Geſtürzten Mauern, klaſſiſch dumpfen Stellen;
1518 4468 3867 4642 Das wäre hier für ſie ein würdig Ziel.
1515 4614 3860 4785 Sie zeugten auch: Im alten Bühnen„Spiel
1529 4758 3601 4956 Sah man mich dort als old Iniquity.
1512 5017 2839 5191 Wie kam man drauf?
2273 4874 2686 5092 Sphynx.
2293 5154 2611 5331 Meph.
2457 5196 3942 5437 Ich weiß es ſelbſt nicht wie
1059 5519 1218 5708 NB.
