4096 6144
863 890 3229 1075 Was zu ſeiner Träumereyen halbem Rauſch er
928 1153 3345 1348 Immer bleibt es ihm in Schläuchen, ihm in Krügen
2310 1030 2870 1177 je bedurfte,
942 1387 3240 1607 Rechts und links der kühlen Grüfte ewige Zeiten
2273 1314 2932 1464 und Gefäßen,
906 1653 3297 1899 Haben aber alle Götter, hat nun Helios vor allen,
2263 1587 2863 1706 aufbewahrt.
918 1877 3164 2075 Lüftend, feuchtend, wärmend, gluthend Beeren„
938 2177 3201 2355 Wo der ſtille Winzer wirkte, dort auf einmal
2191 2042 3210 2242 Füllhorn aufgehäuft,
914 2447 3256 2621 Und es rauſcht in jedem Laube, raſchelt um von Stock
2269 2362 3048 2484 wird’s lebendig,
894 2730 3222 2897 Körbe knarren, Eimer klappern, Tragebutten
2286 2597 2710 2740 zu Stock.
894 3010 3205 3201 Alles nach der großen Kufe zu der Keltrer
2283 2897 2798 3078 ächzen hin,
897 3348 3140 3512 Und ſo wird die heilige Fülle reingeborner
2256 3174 3037 3355 kräftgem Tanz;
884 3638 3215 3829 Frech zertreten, ſchäumend, ſprühend miſcht ſichs
2280 3502 3119 3665 ſaftiger Beeren
894 3925 3201 4089 Und nun gellt ins Ohr der Cymbeln mit der
2259 3816 3232 3973 widerlich zerquetſcht.
894 4222 3211 4416 Denn es hat ſich Dionyſos aus Myſterien
2205 4082 3112 4242 Becken Erzgetöne,
890 4536 3242 4741 Komt hervor mit Ziegenfüßleren, ſchwenkend
2211 4362 2698 4556 enthüllt;
2222 4751 3174 4935 Ziegenfüßlerinnen,
