4096 6144
1382 853 2925 1058 Marſchalk /: tritt eilig auf :/
764 1058 3027 1218 Durchlauchtigſter, ich dacht’ in meinem Leben
754 1181 3280 1396 Vom ſchönſten Glück Verkündigung nicht zu geben
737 1361 2471 1536 Als dieſe, die mich hoch beglückt,
761 1505 2536 1693 In deiner Gegenwart entzückt.
768 1655 2795 1832 Rechnung für Rechnung iſt berichtigt,
774 1798 2863 1969 Die Wucherklauen ſind beſchwichtigt,
788 1945 2614 2129 Los bin ich ſolcher Höllenpein;
781 2095 2945 2280 Im Himmel kanns nicht heitrer ſeyn.
1348 2263 2932 2481 Heermeiſter. /: folgt eilig :/
808 2481 2682 2658 Abſchläglich iſt der Sold entrichtet,
829 2624 3174 2822 Das ganze Heer aufs neu verpflichtet,
832 2778 3065 2983 Der Lanzknecht fühlt ſich friſches Blut,
839 2952 2894 3136 Und Wirth und Dirnen habens gut.
1437 3150 1959 3304 Kaiſer.
853 3338 3058 3491 Wie athmet eure Bruſt erweitert!
812 3515 2727 3682 Das faltige Geſicht erheitert!
846 3679 2699 3853 Wie eilig tretet ihr heran!
1413 3850 3215 4051 Schatzmeiſter. /: der ſich einfindet :/
863 4034 3280 4212 Befrage dieſe Männer die das Werk gethan.
1457 4201 1829 4382 Fauſt.
863 4362 3310 4526 Dem Canzler ziemts die Sache vorzutragen.
1396 4532 3266 4724 Canzler /: der langſam herankommt :/
846 4689 3218 4853 Beglückt genug in meinen alten Tagen. –
873 4826 3269 5010 So hört und ſchaut das ſchickſalſchwere Blatt,
884 4983 3147 5150 Das alles Weh in Wohl verwandelt hat.
