4096 6144
761 962 3024 1160 Es fragt um Rath, und möchte gern entſtehn.
1351 839 1756 1018 Thales.
774 1143 2877 1293 Er iſt, wie ich von ihm vernommen,
764 1259 3167 1454 Gar wunderſam nur halb zur Welt gekom̄en.
774 1413 3140 1617 Ihm fehlt es nicht an geiſtigen Eigenſchaften,
747 1576 3140 1788 Doch gar zu ſehr am Greiflich Tüchtighaften.
771 1751 3116 1955 Bis jetzt giebt ihm das Glas allein Gewicht,
768 1901 3211 2102 Doch wär’ er gern zunächſt verkörperlicht.
1443 2078 1986 2263 Proteus.
785 2225 2914 2457 Du biſt ein wahrer Jungfern=Sohn,
849 2396 2781 2638 Eh du ſeyn ſollteſt biſt du ſchon!
1467 2587 2519 2822 Thales. /: leiſe :/
815 2730 3184 2959 Auch ſcheint es mir von andrer Seite kritiſch,
815 2914 2894 3147 Er iſt, mich dünkt, hermaphroditiſch.
1510 3102 2063 3292 Proteus.
815 3283 2662 3478 Da muß es deſto eher glücken,
846 3430 3092 3621 So wie er anlangt wird ſichs ſchicken.
815 3604 2996 3768 Doch gilt es hier nicht viel Beſinnen,
866 3761 3218 3942 Im weiten Meere mußt du anbeginnen!
815 3928 3010 4096 Da fängt man erſt im Kleinen an
866 4096 3208 4287 Und freut ſich Kleinſte zu verſchlingen,
877 4266 3034 4440 Man wächſt ſo nach und nach heran,
873 4433 3143 4631 Und bildet ſich zu höherem Vollbringen.
1448 4628 2017 4874 Homunk.
890 4857 2901 5014 Hier weht gar eine weiche Luft,
904 4997 3188 5178 Es grunelt ſo und mir behagt der Duft!
3066 604 3210 773 31
