<?xml version="1.0" encoding="UTF-8"  standalone="yes"?>
<PcGts xmlns="http://schema.primaresearch.org/PAGE/gts/pagecontent/2019-07-15" xmlns:xsi="http://www.w3.org/2001/XMLSchema-instance" xsi:schemaLocation="http://schema.primaresearch.org/PAGE/gts/pagecontent/2019-07-15 http://schema.primaresearch.org/PAGE/gts/pagecontent/2019-07-15/pagecontent.xsd">
  <Metadata>
	<Creator>escriptorium</Creator>
	<Created>2023-07-08T12:30:05.513344+00:00</Created>
        <LastChange>2023-07-08T12:30:05.513357+00:00</LastChange>

  </Metadata>
  <Page imageFilename="391098_0177a_0.jpg" imageWidth="4096" imageHeight="6144">

    
    <TextRegion id="eSc_textblock_c9902ecf"  custom="structure {type:text;}">
      <Coords points="938,764 1024,805 2658,832 2740,901 2754,1061 2918,1416 2699,1501 2631,1720 2727,1979 2699,2331 2768,2525 2727,2863 2812,3044 3191,3085 3218,3126 3164,3396 2908,3478 2795,3645 2932,3836 2891,4201 2973,4447 2863,4642 2822,4887 2822,4980 2986,5120 2932,5253 1611,5280 778,5266 723,5225 641,4201 696,3696 682,969 737,819 938,764"/>
      
      
      <TextLine id="eSc_line_e9a99679" custom="structure {type:default;}">
        <Coords points="716,955 713,976 740,996 744,996 747,996 750,1000 938,1000 938,996 942,996 945,996 976,976 1000,996 1003,996 1006,996 1010,996 1146,976 1181,993 1184,993 1187,993 1191,993 1256,972 1269,969 1515,972 1546,972 1590,996 1594,996 1597,996 1600,996 1672,976 1693,993 1693,996 1696,996 1699,996 1703,1000 1829,1000 1829,996 1832,996 1873,976 1880,976 1993,996 1996,996 2000,996 2058,976 2085,969 2123,976 2191,993 2194,993 2198,993 2239,979 2263,969 2286,979 2327,996 2331,996 2334,996 2416,979 2471,969 2682,979 2689,952 2682,880 2611,884 2600,880 2519,839 2515,839 2512,839 2508,839 2505,839 2505,843 2467,880 2461,887 2338,887 2331,880 2266,832 2263,832 2259,832 2256,832 2126,853 1993,832 1989,832 1986,832 1983,832 1901,880 1894,887 1652,887 1648,884 1611,849 1611,846 1607,846 1604,846 1600,846 1597,846 1532,863 1501,836 1501,832 1498,832 1495,832 1348,832 1344,832 1341,832 1338,832 1269,884 1262,884 1143,860 1140,860 1037,884 959,832 955,832 952,832 849,832 846,832 843,832 839,832 791,877 716,884 716,955"/>
        <Baseline points="716,955 1433,942 2689,952"/>
        <TextEquiv>
          <Unicode>Vergebens kletter’ ich auf und nieder.</Unicode>
        </TextEquiv>
      </TextLine>

      
      
      <TextLine id="eSc_line_b4b76a09" custom="structure {type:default;}">
        <Coords points="750,1082 747,1116 795,1136 798,1136 802,1136 805,1136 808,1136 808,1133 832,1116 877,1157 880,1157 884,1157 887,1157 1102,1129 1163,1160 1167,1160 1170,1163 1259,1163 1259,1160 1262,1160 1266,1160 1266,1157 1307,1116 1310,1116 1423,1116 1437,1116 1652,1163 1832,1167 1836,1170 1983,1170 1983,1167 1986,1167 1989,1167 2054,1126 2075,1143 2078,1143 2082,1143 2085,1143 2327,1126 2368,1143 2372,1143 2375,1143 2379,1143 2416,1126 2450,1146 2454,1146 2457,1146 2461,1146 2618,1122 2621,1092 2611,1003 2501,1027 2402,1006 2368,1000 2365,1000 2362,1000 2358,1000 2351,1006 2300,1041 2256,1024 2252,1024 2249,1024 2245,1024 2242,1024 2215,1047 1928,1047 1897,1017 1877,1000 1877,996 1873,996 1870,996 1867,996 1863,996 1802,1010 1720,993 1716,993 1713,993 1710,993 1675,1020 1641,1044 1440,1044 1378,1024 1338,1013 1334,1013 1331,1013 1327,1013 1290,1027 1245,989 1242,989 1239,989 1235,989 1232,989 1119,1030 1116,1030 1078,993 1078,989 1075,989 1071,989 856,986 853,986 849,986 750,1034 750,1082"/>
        <Baseline points="750,1082 1890,1102 2621,1092"/>
        <TextEquiv>
          <Unicode>Wo find’ ich meine Sphynxe wieder?</Unicode>
        </TextEquiv>
      </TextLine>

      
      
      <TextLine id="eSc_line_38d54946" custom="structure {type:default;}">
        <Coords points="723,1239 723,1259 952,1259 955,1259 1017,1293 1020,1293 1024,1293 1027,1293 1030,1293 1082,1259 1092,1259 1402,1293 1406,1293 1409,1293 1508,1256 1515,1256 1621,1256 1628,1256 1733,1290 1737,1290 1740,1290 1860,1266 1925,1290 1928,1290 1931,1290 1935,1290 2020,1269 2082,1286 2085,1286 2088,1286 2092,1286 2143,1262 2252,1280 2256,1280 2259,1280 2263,1280 2263,1276 2290,1252 2293,1252 2297,1252 2474,1286 2478,1286 2481,1286 2484,1286 2515,1262 2553,1276 2556,1276 2560,1276 2771,1249 2775,1228 2764,1146 2580,1167 2433,1146 2409,1146 2406,1146 2402,1146 2396,1150 2327,1181 2170,1167 2167,1167 2082,1187 1962,1187 1931,1153 1928,1153 1928,1150 1925,1150 1921,1150 1918,1150 1914,1150 1908,1153 1846,1187 1730,1187 1699,1160 1699,1157 1696,1157 1693,1157 1689,1157 1686,1157 1682,1157 1634,1187 1406,1187 1368,1167 1365,1167 1361,1167 1358,1167 1355,1167 1355,1170 1334,1187 1181,1163 1177,1163 1174,1163 1170,1163 1170,1167 1150,1187 1095,1167 1092,1167 1088,1167 969,1187 931,1163 918,1153 914,1153 911,1153 907,1153 720,1163 723,1239"/>
        <Baseline points="723,1239 2775,1228"/>
        <TextEquiv>
          <Unicode>Bin ich denn gar in fremden Landen?</Unicode>
        </TextEquiv>
      </TextLine>

      
      
      <TextLine id="eSc_line_ab3cdad4" custom="structure {type:default;}">
        <Coords points="2874,1338 2819,1334 2751,1286 2747,1286 2744,1286 2669,1286 2665,1286 2662,1286 2549,1331 2324,1290 2321,1290 2317,1290 2314,1290 2242,1338 2239,1341 2088,1341 2085,1338 1887,1286 1884,1286 1880,1286 1877,1286 1764,1338 1757,1344 1358,1344 1351,1338 1307,1307 1303,1307 1300,1307 1297,1307 1211,1324 1129,1290 1126,1290 897,1290 894,1290 890,1290 887,1290 887,1293 839,1338 836,1341 826,1338 771,1317 768,1317 764,1317 761,1317 723,1331 727,1389 727,1457 965,1457 965,1454 969,1454 1071,1413 1262,1430 1266,1430 1378,1413 1447,1437 1450,1437 1454,1437 1457,1437 1498,1423 1536,1450 1539,1450 1542,1450 1546,1450 1549,1450 1641,1413 1802,1413 1873,1450 1877,1450 1880,1450 1884,1454 2000,1454 2000,1450 2003,1450 2010,1447 2092,1409 2252,1447 2273,1450 2276,1450 2280,1450 2293,1447 2413,1409 2676,1409 2717,1443 2720,1447 2720,1450 2723,1450 2727,1450 2730,1450 2761,1443 2846,1423 2887,1443 2894,1382 2891,1375 2874,1338"/>
        <Baseline points="727,1389 2894,1382"/>
        <TextEquiv>
          <Unicode>iſt Hier ein neuer Berg entſtanden...</Unicode>
        </TextEquiv>
      </TextLine>

      
      
      <TextLine id="eSc_line_a6d7e417" custom="structure {type:default;}">
        <Coords points="696,1542 696,1587 884,1587 894,1590 942,1621 945,1621 948,1621 952,1621 955,1621 959,1621 1003,1590 1006,1587 1013,1590 1078,1614 1082,1614 1085,1614 1088,1614 1143,1590 1146,1587 1150,1590 1221,1631 1225,1631 1228,1631 1232,1631 1235,1631 1348,1590 1402,1614 1406,1614 1409,1614 1413,1614 1464,1587 1518,1628 1522,1628 1525,1628 1529,1628 1532,1628 1536,1628 1583,1597 1682,1628 1686,1628 1689,1631 2201,1631 2201,1628 2205,1628 2208,1628 2245,1597 2358,1614 2362,1614 2365,1614 2423,1583 2563,1576 2563,1536 2553,1447 2402,1460 2399,1460 2396,1460 2372,1484 2044,1484 1993,1457 1966,1447 1962,1447 1959,1447 1955,1447 1925,1460 1880,1484 1792,1484 1774,1464 1764,1457 1764,1454 1761,1454 1757,1454 1679,1447 1675,1447 1672,1447 1669,1447 1641,1467 1617,1484 1594,1467 1570,1450 1566,1450 1563,1450 1477,1450 1474,1450 1471,1450 1413,1471 1382,1484 1368,1474 1361,1467 1358,1467 1355,1467 1351,1467 1348,1467 1331,1474 1314,1481 1310,1474 1286,1454 1286,1450 1283,1450 1280,1450 1276,1450 1129,1474 1047,1450 1044,1450 1041,1450 1037,1450 969,1484 965,1484 959,1484 819,1450 815,1450 812,1450 808,1450 761,1488 692,1488 696,1542"/>
        <Baseline points="696,1542 2563,1536"/>
        <TextEquiv>
          <Unicode>Das heiß ich friſchen Hexenritt!</Unicode>
        </TextEquiv>
      </TextLine>

      
      
      <TextLine id="eSc_line_4bf19402" custom="structure {type:default;}">
        <Coords points="703,1693 703,1723 880,1733 884,1733 931,1723 962,1716 969,1723 1024,1768 1027,1768 1030,1768 1034,1771 1170,1771 1170,1768 1174,1768 1225,1740 1276,1768 1280,1768 1283,1771 1532,1771 1532,1768 1536,1768 1539,1768 1590,1720 1682,1720 1720,1740 1723,1740 1727,1740 1730,1740 1733,1740 1737,1740 1768,1720 1969,1720 2054,1764 2058,1764 2061,1764 2167,1754 2170,1754 2174,1754 2228,1716 2556,1710 2560,1686 2553,1604 2471,1604 2467,1604 2464,1604 2461,1604 2416,1641 2269,1641 2191,1614 2187,1614 2184,1614 2181,1614 2177,1614 2177,1617 2160,1634 1996,1638 1955,1614 1938,1604 1935,1604 1931,1604 1928,1604 1925,1604 1890,1617 1832,1638 1778,1621 1730,1604 1727,1604 1631,1604 1628,1604 1624,1604 1621,1604 1621,1607 1617,1607 1604,1624 1600,1628 1583,1624 1508,1607 1505,1607 1501,1607 1498,1607 1477,1628 1457,1645 1399,1645 1382,1628 1368,1617 1365,1617 1361,1617 1358,1617 1355,1617 1351,1617 1351,1621 1341,1628 1327,1645 1140,1645 1119,1634 1058,1607 1054,1607 1051,1607 1047,1607 952,1638 948,1638 945,1638 812,1607 808,1607 805,1607 699,1641 703,1693"/>
        <Baseline points="703,1693 2560,1686"/>
        <TextEquiv>
          <Unicode>Die bringen ſich die Berge mit.</Unicode>
        </TextEquiv>
      </TextLine>

      
      
      <TextLine id="eSc_line_c6f3b414" custom="structure {type:default;}">
        <Coords points="1492,1842 1475,1796 1479,1781 1474,1781 1469,1781 1464,1781 1326,1807 1326,1894 1326,1930 1766,1914 1766,1894 1756,1781 1616,1850"/>
        <Baseline points="1327,1898 1768,1895"/>
        <TextEquiv>
          <Unicode>Oeras.</Unicode>
        </TextEquiv>
      </TextLine>

      
      
      <TextLine id="eSc_line_e87ec356" >
        <Coords points="1489,1822 1489,1853 1592,1858 1597,1822 1597,1756 1489,1756 1489,1822"/>
        <Baseline points="1492,1824 1601,1826"/>
        <TextEquiv>
          <Unicode>re</Unicode>
        </TextEquiv>
      </TextLine>

      
      
      <TextLine id="eSc_line_d7d9e3b2" custom="structure {type:default;}">
        <Coords points="744,2068 744,2126 914,2116 918,2116 921,2116 948,2095 1037,2123 1041,2123 1044,2123 1047,2126 1225,2126 1225,2123 1228,2123 1232,2123 1235,2119 1290,2088 1450,2095 1454,2095 1457,2095 1460,2095 1460,2092 1477,2078 1652,2078 1689,2106 1693,2106 1696,2106 1699,2106 1703,2106 1792,2082 1931,2102 1935,2102 2140,2078 2201,2102 2211,2106 2215,2106 2218,2106 2222,2106 2225,2106 2228,2102 2263,2075 2324,2092 2327,2092 2331,2092 2529,2065 2607,2095 2628,2102 2631,2102 2635,2102 2679,2092 2679,2041 2672,1962 2433,1949 2430,1949 2426,1949 2423,1949 2396,1966 2362,1986 2266,1969 2256,1969 2252,1969 2249,1969 2245,1969 2211,1986 2194,1972 2187,1966 2187,1962 2184,1962 2181,1962 2177,1962 2174,1962 2140,1972 2078,1989 1979,1976 1949,1972 1945,1972 1942,1972 1938,1972 1935,1976 1914,1996 1822,1996 1805,1979 1795,1972 1795,1969 1792,1969 1788,1969 1785,1969 1781,1969 1737,1979 1675,1996 1634,1983 1573,1962 1570,1962 1566,1962 1563,1962 1559,1962 1532,1986 1518,2000 1460,2003 1392,2003 1378,1989 1355,1969 1355,1966 1351,1966 1348,1966 1344,1966 1082,1969 1078,1969 1006,1996 979,2007 955,1996 894,1972 890,1972 808,1972 805,1972 802,1972 740,1996 744,2068"/>
        <Baseline points="744,2068 2679,2041"/>
        <TextEquiv>
          <Unicode>Herauf hier! Mein Gebirg iſt alt,</Unicode>
        </TextEquiv>
      </TextLine>

      
      
      <TextLine id="eSc_line_b69a5a5b" custom="structure {type:default;}">
        <Coords points="730,2232 730,2249 836,2273 839,2273 843,2273 846,2273 846,2269 866,2249 1228,2249 1286,2290 1290,2290 1293,2290 1297,2293 1392,2293 1392,2290 1396,2290 1498,2249 1532,2283 1532,2286 1536,2286 1539,2286 1542,2290 1652,2290 1652,2286 1812,2283 1815,2283 1819,2283 1880,2239 1989,2239 2017,2263 2017,2266 2020,2266 2024,2266 2123,2276 2126,2276 2129,2276 2133,2276 2181,2239 2208,2259 2211,2259 2215,2259 2218,2259 2222,2259 2304,2228 2542,2235 2546,2235 2549,2235 2587,2215 2587,2198 2583,2146 2549,2123 2546,2123 2542,2123 2392,2109 2389,2109 2385,2109 2245,2153 2170,2119 2167,2119 2164,2119 2160,2119 2157,2119 2099,2160 2017,2160 1993,2160 1918,2129 1914,2129 1911,2129 1908,2129 1904,2129 1863,2164 1576,2167 1532,2129 1529,2129 1525,2129 1464,2126 1460,2126 1457,2126 1454,2126 1382,2170 1331,2153 1327,2153 1324,2153 1320,2153 1269,2174 1269,2177 1064,2177 1034,2150 1034,2146 1030,2146 1027,2146 904,2136 901,2136 788,2140 785,2140 781,2140 727,2174 730,2232"/>
        <Baseline points="730,2232 2587,2198"/>
        <TextEquiv>
          <Unicode>Steht in urſprünglicher Geſtalt.</Unicode>
        </TextEquiv>
      </TextLine>

      
      
      <TextLine id="eSc_line_b1f0cd6d" custom="structure {type:default;}">
        <Coords points="744,2382 744,2413 907,2413 911,2413 1003,2457 1006,2457 1010,2457 1013,2457 1129,2413 1167,2450 1167,2454 1170,2454 1174,2454 1177,2457 1348,2457 1348,2454 1351,2454 1355,2454 1406,2409 1546,2426 1549,2426 1553,2426 1614,2406 1658,2447 1658,2450 1662,2450 1665,2450 1669,2454 1757,2454 1757,2450 1761,2450 1764,2450 1822,2413 1877,2447 1880,2447 1884,2447 1887,2447 1890,2447 1979,2402 1986,2402 2331,2443 2334,2443 2338,2443 2413,2402 2481,2433 2484,2433 2488,2433 2491,2433 2577,2396 2577,2365 2566,2293 2321,2310 2286,2297 2232,2276 2228,2276 2225,2276 2222,2276 2218,2276 2191,2300 2174,2317 2092,2317 2078,2304 2061,2286 2061,2283 2058,2283 2054,2283 2051,2283 2048,2283 2000,2297 1983,2283 1983,2280 1979,2280 1976,2280 1846,2280 1843,2280 1839,2280 1836,2280 1795,2307 1781,2317 1771,2307 1730,2283 1727,2283 1723,2283 1720,2283 1508,2304 1392,2286 1389,2286 1385,2286 1382,2286 1331,2317 1320,2324 1177,2324 1177,2321 1109,2286 1105,2286 1102,2286 1099,2286 1095,2286 1051,2324 1047,2327 938,2327 938,2324 853,2290 849,2290 846,2290 843,2290 740,2327 744,2382"/>
        <Baseline points="744,2382 2577,2365"/>
        <TextEquiv>
          <Unicode>Verehre ſchroffe Felſenſteige,</Unicode>
        </TextEquiv>
      </TextLine>

      
      
      <TextLine id="eSc_line_2cdf7216" custom="structure {type:default;}">
        <Coords points="716,2549 716,2573 843,2573 911,2618 914,2618 918,2618 921,2621 1020,2621 1020,2618 1024,2618 1027,2618 1027,2614 1078,2573 1082,2570 1119,2573 1283,2583 1286,2583 1389,2573 1440,2566 1450,2573 1512,2611 1515,2611 1518,2611 1522,2614 1720,2614 1720,2611 1723,2611 1798,2573 1815,2563 1832,2573 1901,2607 1904,2607 1908,2607 2054,2573 2106,2560 2136,2573 2170,2587 2174,2587 2177,2587 2181,2587 2208,2577 2235,2600 2235,2604 2239,2604 2242,2604 2245,2604 2249,2604 2358,2573 2396,2560 2525,2560 2539,2573 2553,2583 2553,2587 2556,2587 2560,2587 2563,2587 2566,2587 2594,2573 2621,2560 2652,2573 2699,2590 2703,2590 2706,2590 2710,2590 2713,2590 2730,2577 2730,2529 2723,2474 2542,2457 2539,2457 2536,2457 2488,2474 2392,2433 2389,2433 2385,2433 2382,2433 2249,2474 2191,2440 2187,2440 2184,2440 2181,2440 2177,2440 2174,2440 2123,2478 2068,2447 2065,2447 2061,2447 2058,2447 2054,2447 2010,2481 2007,2481 2000,2481 1935,2464 1931,2464 1928,2464 1925,2464 1921,2464 1904,2481 1901,2484 1764,2484 1764,2481 1733,2454 1733,2450 1730,2450 1727,2450 1723,2450 1720,2450 1672,2474 1611,2443 1607,2443 1512,2443 1508,2443 1505,2443 1501,2443 1460,2478 1385,2443 1382,2443 1378,2443 1375,2443 1256,2488 1252,2491 1218,2491 1218,2488 1174,2450 1174,2447 1170,2447 1167,2447 1064,2447 1061,2447 1058,2447 1054,2447 1054,2450 1030,2471 1003,2450 1000,2450 996,2450 993,2450 989,2450 945,2474 849,2450 846,2450 843,2450 839,2450 836,2450 836,2454 795,2491 795,2495 713,2495 716,2549"/>
        <Baseline points="716,2549 2730,2529"/>
        <TextEquiv>
          <Unicode>Des Pindus letztgedehnte Zweige.</Unicode>
        </TextEquiv>
      </TextLine>

      
      
      <TextLine id="eSc_line_b046e3fd" custom="structure {type:default;}">
        <Coords points="716,2713 716,2771 822,2785 826,2785 829,2785 832,2785 853,2771 901,2737 969,2768 1010,2785 1013,2785 1017,2788 1095,2788 1095,2785 1099,2785 1102,2785 1129,2764 1167,2740 1215,2754 1218,2754 1221,2754 1225,2754 1262,2737 1351,2761 1430,2781 1433,2781 1437,2781 1440,2781 1443,2781 1471,2757 1501,2734 1607,2754 1611,2754 1614,2754 1617,2754 1645,2734 1669,2754 1672,2754 1675,2754 1679,2754 1682,2754 1713,2737 1727,2754 1754,2778 1754,2781 1757,2781 1761,2781 1764,2785 1931,2785 1931,2781 1935,2781 1938,2781 1976,2751 2000,2730 2037,2747 2061,2757 2065,2757 2068,2757 2071,2757 2075,2757 2088,2747 2119,2730 2252,2730 2280,2744 2344,2778 2348,2778 2351,2781 2426,2781 2426,2778 2430,2778 2433,2778 2481,2740 2498,2730 2536,2730 2546,2737 2577,2768 2577,2771 2580,2771 2583,2771 2587,2771 2590,2771 2594,2771 2641,2740 2641,2703 2635,2618 2560,2614 2556,2614 2553,2614 2542,2618 2488,2652 2447,2621 2443,2618 2440,2618 2437,2618 2433,2618 2430,2618 2416,2621 2331,2652 2290,2624 2259,2604 2256,2604 2252,2604 2010,2604 2007,2604 2003,2604 1945,2635 1904,2658 1597,2658 1573,2645 1546,2624 1542,2624 1539,2624 1536,2624 1532,2624 1467,2645 1440,2655 1433,2648 1406,2624 1406,2621 1402,2621 1399,2621 1396,2621 1392,2621 1331,2648 1314,2658 1307,2652 1262,2614 1262,2611 1259,2611 1256,2611 1208,2611 1204,2611 1201,2611 1198,2611 1153,2652 1041,2658 993,2658 907,2611 904,2611 795,2611 791,2611 788,2611 785,2611 713,2655 716,2713"/>
        <Baseline points="716,2713 2641,2703"/>
        <TextEquiv>
          <Unicode>Schon ſtand ich unerſchüttert ſo,</Unicode>
        </TextEquiv>
      </TextLine>

      
      
      <TextLine id="eSc_line_720f0ef8" custom="structure {type:default;}">
        <Coords points="706,2891 706,2911 983,2911 993,2911 1071,2932 1075,2932 1078,2932 1082,2932 1085,2932 1109,2911 1109,2908 1218,2908 1221,2908 1249,2928 1252,2928 1256,2928 1259,2928 1262,2928 1307,2908 1389,2962 1392,2962 1396,2962 1399,2966 1583,2966 1583,2962 1587,2962 1590,2962 1672,2911 1720,2955 1720,2959 1723,2959 1727,2959 1730,2962 1829,2962 1829,2959 1832,2959 1870,2942 1949,2955 1952,2955 1955,2955 2082,2894 2136,2942 2136,2945 2140,2945 2143,2945 2146,2945 2150,2945 2225,2908 2300,2952 2304,2952 2307,2952 2310,2952 2396,2949 2399,2949 2402,2949 2402,2945 2440,2911 2539,2887 2542,2863 2532,2795 2443,2802 2420,2795 2327,2768 2324,2768 2321,2768 2317,2768 2314,2768 2269,2798 2259,2805 2242,2798 2191,2781 2187,2781 2184,2781 2181,2781 2177,2781 2177,2785 2157,2802 2143,2812 1993,2805 1897,2802 1894,2802 1890,2802 1867,2809 1829,2819 1812,2809 1761,2781 1757,2781 1665,2778 1662,2778 1658,2778 1546,2816 1525,2822 1508,2816 1467,2798 1464,2798 1460,2798 1457,2798 1454,2798 1430,2819 1423,2826 1273,2826 1262,2822 1191,2785 1187,2785 1184,2785 1061,2798 1058,2798 1054,2798 1054,2802 1037,2816 1010,2792 1010,2788 1006,2788 1003,2788 921,2788 918,2788 798,2792 795,2792 791,2792 740,2833 740,2836 703,2836 706,2891"/>
        <Baseline points="706,2891 2542,2863"/>
        <TextEquiv>
          <Unicode>Als über mich Pompejus floh.</Unicode>
        </TextEquiv>
      </TextLine>

      
      
      <TextLine id="eSc_line_c5225b84" custom="structure {type:default;}">
        <Coords points="733,3054 733,3068 969,3092 972,3092 1099,3068 1204,3092 1208,3092 1211,3092 1297,3065 1348,3089 1351,3089 1355,3089 1358,3089 1416,3068 1450,3099 1454,3099 1457,3099 1460,3099 1464,3099 1488,3085 1508,3106 1508,3109 1512,3109 1515,3109 1518,3112 1580,3112 1580,3109 1996,3058 2058,3082 2061,3082 2430,3099 2433,3099 2720,3044 2720,3031 2706,2949 2614,2976 2546,2959 2542,2959 2539,2959 2536,2959 2484,2976 2447,2955 2440,2949 2437,2949 2433,2949 2430,2949 2426,2949 2399,2955 2314,2979 2129,2966 2126,2966 2123,2966 2119,2966 2099,2983 1972,2969 1867,2955 1863,2955 1860,2955 1856,2955 1832,2973 1805,2986 1713,2976 1583,2959 1580,2959 1576,2959 1573,2959 1546,2979 1529,2990 1501,2979 1447,2962 1443,2962 1440,2962 1437,2962 1433,2962 1433,2966 1413,2983 1402,2993 1293,2993 1266,2986 1187,2966 1184,2966 1181,2966 1177,2966 1116,2990 1109,2993 1085,2993 856,2969 853,2969 849,2969 846,2969 802,3000 730,3000 733,3054"/>
        <Baseline points="733,3054 2720,3031"/>
        <TextEquiv>
          <Unicode>Daneben, das Gebild des Wahns,</Unicode>
        </TextEquiv>
      </TextLine>

      
      
      <TextLine id="eSc_line_4e7809ce" custom="structure {type:default;}">
        <Coords points="727,3218 727,3307 788,3307 788,3304 791,3304 795,3304 856,3252 965,3297 983,3304 986,3304 989,3304 1088,3300 1092,3300 1095,3300 1102,3293 1163,3246 1402,3246 1460,3280 1481,3297 1484,3297 1488,3297 1491,3300 1546,3300 1546,3297 1638,3293 1641,3293 1645,3293 1669,3273 1710,3242 1785,3242 1832,3269 1873,3290 1877,3290 1880,3293 2003,3293 2003,3290 2007,3290 2065,3259 2116,3235 2263,3235 2293,3252 2331,3280 2334,3280 2338,3280 2423,3283 2426,3283 2430,3283 2508,3246 2539,3232 2648,3232 2669,3242 2757,3280 2761,3280 2764,3283 2856,3283 2856,3280 2935,3276 2938,3276 3031,3229 3034,3225 3188,3222 3191,3188 3177,3102 3112,3130 3061,3109 3058,3109 3054,3109 2979,3123 2942,3106 2918,3095 2914,3095 2911,3095 2908,3095 2884,3109 2829,3133 2699,3112 2679,3109 2676,3109 2672,3109 2669,3109 2665,3112 2628,3140 2536,3140 2491,3116 2467,3102 2464,3102 2461,3102 2457,3102 2430,3116 2402,3133 2385,3116 2372,3106 2368,3106 2365,3106 2362,3106 2297,3119 2269,3123 2242,3119 2143,3106 2140,3106 2136,3106 2133,3106 2109,3123 2075,3143 2003,3123 1955,3112 1952,3112 1949,3112 1945,3112 1890,3126 1812,3147 1744,3130 1693,3116 1689,3116 1686,3116 1682,3116 1648,3130 1614,3147 1563,3133 1512,3119 1508,3119 1505,3119 1501,3119 1450,3136 1396,3153 1249,3153 1215,3140 1177,3123 1174,3123 1170,3123 1167,3123 1112,3140 1071,3157 1013,3157 996,3143 972,3123 969,3123 965,3123 812,3123 808,3123 805,3123 723,3147 727,3218"/>
        <Baseline points="727,3218 3191,3188"/>
        <TextEquiv>
          <Unicode>Verſchwindet ſchon beym Krähn des Hahns.</Unicode>
        </TextEquiv>
      </TextLine>

      
      
      <TextLine id="eSc_line_17f25e88" custom="structure {type:default;}">
        <Coords points="709,3392 709,3423 788,3423 846,3471 849,3471 853,3471 856,3471 993,3467 996,3467 1000,3467 1064,3423 1133,3467 1136,3467 1140,3467 1143,3471 1239,3471 1239,3467 1242,3467 1344,3416 1515,3416 1566,3461 1570,3461 1573,3461 1576,3464 1764,3464 1764,3461 1768,3461 1771,3461 1829,3426 1928,3457 1931,3457 1935,3461 1993,3461 1993,3457 1996,3457 2000,3457 2041,3426 2088,3454 2092,3454 2095,3457 2239,3457 2239,3454 2242,3454 2245,3454 2304,3409 2416,3420 2420,3420 2563,3399 2566,3399 2754,3399 2853,3444 2856,3444 2860,3447 2969,3447 2969,3444 2973,3444 2976,3444 3037,3399 3109,3389 3112,3358 3106,3300 2914,3266 2911,3266 2908,3266 2788,3304 2781,3307 2618,3307 2618,3304 2532,3273 2529,3273 2525,3273 2522,3273 2519,3273 2478,3307 2474,3310 2420,3310 2416,3307 2300,3273 2297,3273 2293,3273 2112,3276 2109,3276 2106,3276 2061,3310 2061,3314 1986,3317 1942,3317 1938,3314 1894,3280 1890,3280 1887,3280 1884,3280 1880,3280 1877,3280 1836,3314 1672,3283 1669,3283 1665,3283 1662,3283 1628,3304 1522,3287 1518,3287 1515,3287 1413,3321 1406,3321 1399,3321 1303,3300 1300,3300 1297,3300 1228,3321 1150,3290 1146,3290 1143,3290 1140,3290 1136,3290 1085,3324 1082,3328 976,3328 976,3324 849,3293 846,3293 843,3293 839,3293 836,3293 798,3324 706,3328 709,3392"/>
        <Baseline points="709,3392 1710,3368 3112,3358"/>
        <TextEquiv>
          <Unicode>Dergleichen Mährchen ſeh’ ich oft entſtehn</Unicode>
        </TextEquiv>
      </TextLine>

      
      
      <TextLine id="eSc_line_1ad30749" custom="structure {type:default;}">
        <Coords points="754,3566 754,3601 866,3642 870,3642 873,3645 1034,3645 1034,3642 1037,3642 1041,3642 1099,3601 1129,3624 1129,3628 1133,3628 1136,3628 1232,3638 1235,3638 1239,3638 1242,3638 1297,3597 1300,3597 1348,3635 1351,3635 1355,3635 1358,3635 1361,3635 1365,3635 1426,3597 1443,3587 1590,3587 1597,3594 1611,3607 1614,3607 1617,3607 1621,3607 1624,3607 1658,3594 1682,3584 1778,3584 1792,3594 1805,3604 1809,3604 1812,3604 1815,3604 1897,3590 1972,3580 2013,3590 2071,3607 2075,3607 2078,3607 2184,3594 2256,3631 2259,3631 2263,3631 2437,3628 2440,3628 2443,3628 2508,3587 2525,3577 2638,3584 2641,3549 2638,3495 2583,3461 2580,3461 2577,3461 2522,3461 2519,3461 2515,3461 2512,3461 2464,3495 2372,3478 2368,3478 2252,3498 2249,3498 2215,3467 2211,3467 2208,3467 2205,3467 2201,3467 2126,3498 2123,3502 2017,3502 2017,3498 1952,3467 1949,3467 1945,3467 1942,3467 1850,3491 1795,3467 1792,3467 1788,3467 1785,3467 1781,3467 1747,3498 1740,3505 1553,3505 1542,3498 1484,3474 1481,3474 1477,3474 1474,3474 1437,3491 1406,3471 1402,3471 1399,3471 1163,3471 1160,3471 1157,3471 1099,3498 1085,3505 1071,3498 1030,3478 1027,3478 1024,3478 1020,3478 1017,3478 986,3498 972,3508 955,3498 904,3474 901,3474 791,3474 788,3474 785,3474 781,3474 750,3488 754,3566"/>
        <Baseline points="754,3566 2641,3549"/>
        <TextEquiv>
          <Unicode>Und plötzlich wieder untergehn.</Unicode>
        </TextEquiv>
      </TextLine>

      
      
      <TextLine id="eSc_line_1ef90e72" custom="structure {type:default;}">
        <Coords points="1341,3778 1341,3840 1710,3819 1710,3771 1696,3669 1634,3700 1501,3686 1392,3676 1389,3676 1385,3676 1338,3696 1341,3778"/>
        <Baseline points="1341,3778 1710,3771"/>
        <TextEquiv>
          <Unicode>Meph.</Unicode>
        </TextEquiv>
      </TextLine>

      
      
      <TextLine id="eSc_line_f3c77ece" custom="structure {type:default;}">
        <Coords points="716,3932 716,3956 819,4003 822,4003 826,4007 877,4007 877,4003 880,4003 884,4003 945,3956 1003,4000 1006,4000 1010,4000 1013,4003 1119,4003 1119,4000 1122,4000 1228,3949 1303,3949 1351,3949 1440,3993 1443,3993 1447,3993 1450,3993 1488,3976 1573,3993 1576,3993 1580,3993 1583,3993 1645,3956 1751,3959 1754,3959 1757,3959 1795,3938 1798,3938 1809,3938 1931,3962 1935,3962 1938,3962 1942,3962 1979,3938 2075,3938 2129,3966 2133,3966 2136,3966 2140,3966 2239,3932 2242,3932 2300,3979 2304,3979 2307,3979 2310,3983 2396,3983 2396,3979 2399,3979 2402,3979 2423,3962 2604,3976 2607,3976 2611,3976 2614,3976 2689,3928 2870,3921 2874,3898 2860,3788 2795,3826 2775,3812 2771,3812 2768,3812 2764,3812 2645,3843 2553,3843 2508,3802 2501,3795 2498,3795 2495,3795 2433,3795 2430,3795 2426,3795 2406,3805 2338,3840 2232,3812 2228,3812 2225,3812 2222,3812 2218,3812 2215,3812 2167,3846 2075,3819 2071,3819 2068,3819 2065,3819 2000,3853 1795,3853 1764,3829 1740,3812 1737,3812 1733,3812 1730,3812 1727,3812 1645,3836 1566,3860 1460,3860 1433,3843 1392,3816 1389,3816 1385,3816 1382,3816 1378,3816 1375,3816 1344,3840 1198,3816 1194,3816 1068,3840 778,3822 774,3822 771,3822 768,3822 713,3860 716,3932"/>
        <Baseline points="716,3932 2874,3898"/>
        <TextEquiv>
          <Unicode>Sey Ehre dir, ehrwürdiges Haupt!</Unicode>
        </TextEquiv>
      </TextLine>

      
      
      <TextLine id="eSc_line_337d59a3" custom="structure {type:default;}">
        <Coords points="703,4092 706,4147 798,4123 815,4136 819,4136 822,4136 826,4136 829,4136 832,4136 866,4113 911,4116 938,4143 959,4160 962,4160 965,4160 969,4160 1167,4157 1170,4157 1174,4157 1174,4154 1194,4133 1208,4119 1341,4116 1358,4130 1389,4157 1392,4157 1396,4157 1399,4157 1570,4154 1573,4154 1634,4123 1665,4106 1850,4102 1894,4116 1993,4150 1996,4150 2000,4150 2003,4150 2007,4150 2051,4113 2106,4126 2109,4126 2112,4126 2116,4126 2153,4109 2177,4096 2484,4096 2512,4099 2631,4119 2635,4119 2638,4119 2641,4119 2679,4096 2682,4092 2833,4089 2833,4072 2829,4010 2761,3976 2757,3976 2754,3976 2751,3976 2703,3997 2676,3976 2672,3976 2669,3976 2505,3976 2501,3976 2498,3976 2495,3976 2454,4003 2389,3979 2385,3979 2382,3979 2379,3979 2269,4014 2143,3979 2140,3979 2136,3979 2133,3979 2129,3979 2068,4017 2065,4020 1945,4020 1945,4017 1863,3983 1860,3983 1856,3983 1853,3983 1761,4020 1757,4020 1754,4020 1706,3986 1703,3986 1699,3986 1696,3986 1693,3986 1594,4020 1563,3993 1563,3990 1559,3990 1556,3990 1553,3990 1549,3990 1546,3990 1498,4020 1450,4024 1402,4024 1382,4024 1109,3990 1105,3990 1102,3990 1020,4027 1017,4027 1013,4027 952,3993 948,3993 843,3993 839,3993 836,3993 832,3993 781,4027 778,4031 699,4031 703,4092"/>
        <Baseline points="703,4092 2833,4072"/>
        <TextEquiv>
          <Unicode>Von hoher Eichenkraft umlaubt;</Unicode>
        </TextEquiv>
      </TextLine>

      
      
      <TextLine id="eSc_line_5eae3c90" custom="structure {type:default;}">
        <Coords points="720,4256 720,4276 764,4300 768,4300 771,4300 884,4280 918,4300 921,4300 925,4300 928,4300 931,4300 976,4276 1064,4293 1068,4293 1351,4283 1409,4311 1413,4311 1416,4311 1720,4270 1744,4290 1744,4293 1747,4293 1751,4293 1754,4293 1925,4276 2041,4280 2065,4304 2065,4307 2068,4307 2071,4307 2075,4311 2245,4311 2245,4307 2324,4304 2327,4304 2331,4304 2365,4276 2454,4293 2457,4293 2461,4293 2508,4266 2628,4259 2631,4239 2624,4174 2331,4154 2327,4154 2324,4154 2266,4177 2239,4191 2201,4181 2133,4160 2129,4160 2126,4160 2123,4160 2078,4181 2061,4194 1901,4194 1884,4184 1822,4164 1819,4164 1815,4164 1812,4164 1764,4188 1754,4194 1751,4188 1720,4164 1720,4160 1716,4160 1713,4160 1628,4160 1624,4160 1621,4160 1617,4160 1576,4191 1570,4198 1488,4198 1477,4194 1372,4164 1368,4164 1365,4164 1361,4164 1358,4164 1317,4198 1310,4201 1228,4201 1225,4198 1191,4167 1191,4164 1187,4164 1184,4164 1181,4164 1177,4164 1092,4201 1085,4205 942,4205 921,4205 884,4171 884,4167 880,4167 877,4167 829,4167 826,4167 822,4167 716,4205 720,4256"/>
        <Baseline points="720,4256 2631,4239"/>
        <TextEquiv>
          <Unicode>Der allerklarſte Mondenſchein</Unicode>
        </TextEquiv>
      </TextLine>

      
      
      <TextLine id="eSc_line_894173a8" custom="structure {type:default;}">
        <Coords points="692,4427 692,4447 815,4471 819,4471 822,4471 873,4447 877,4447 880,4447 911,4468 914,4468 918,4468 921,4468 925,4468 972,4450 1003,4478 1003,4481 1006,4481 1010,4481 1013,4481 1017,4481 1109,4447 1112,4447 1116,4447 1187,4502 1191,4502 1194,4502 1198,4505 1409,4505 1409,4502 1413,4502 1416,4502 1447,4481 1682,4502 1686,4502 1689,4502 1693,4502 1761,4457 1812,4495 1815,4495 1819,4495 1822,4495 1826,4495 1921,4447 1928,4447 2054,4447 2058,4447 2085,4471 2088,4471 2092,4471 2095,4471 2099,4471 2102,4471 2126,4450 2191,4498 2194,4498 2198,4498 2201,4502 2327,4502 2327,4498 2331,4498 2454,4447 2467,4444 2921,4447 2928,4423 2925,4365 2607,4365 2587,4345 2587,4341 2583,4341 2580,4341 2577,4341 2519,4348 2481,4317 2478,4317 2474,4317 2334,4317 2331,4317 2327,4317 2324,4317 2263,4365 2099,4365 2068,4365 2007,4321 2003,4321 2000,4321 1996,4321 1993,4321 1921,4348 1890,4321 1887,4321 1884,4321 1778,4321 1774,4321 1771,4321 1768,4321 1699,4365 1638,4321 1634,4321 1631,4321 1573,4321 1570,4321 1566,4321 1460,4365 1419,4328 1416,4328 1413,4328 1409,4328 1406,4328 1320,4358 1119,4334 1116,4334 1112,4334 1109,4334 1071,4369 993,4369 925,4321 921,4321 918,4321 826,4321 822,4321 819,4321 689,4365 692,4427"/>
        <Baseline points="692,4427 1894,4413 2928,4423"/>
        <TextEquiv>
          <Unicode>Dringt nicht zur Finſterniß herein. –</Unicode>
        </TextEquiv>
      </TextLine>

      
      
      <TextLine id="eSc_line_859864a3" custom="structure {type:default;}">
        <Coords points="703,4567 699,4601 856,4601 866,4604 938,4642 942,4642 945,4642 948,4642 952,4642 1003,4604 1010,4601 1027,4604 1078,4621 1082,4621 1085,4621 1331,4604 1402,4601 1406,4604 1423,4618 1423,4621 1426,4621 1430,4621 1433,4621 1576,4611 1648,4645 1652,4645 1655,4648 1751,4648 1751,4645 1754,4645 1757,4645 1802,4611 1908,4645 1911,4645 1914,4648 2095,4648 2095,4645 2099,4645 2102,4645 2150,4608 2191,4642 2191,4645 2194,4645 2198,4645 2201,4648 2304,4648 2304,4645 2307,4645 2310,4645 2310,4642 2341,4614 2406,4645 2409,4645 2413,4645 2416,4645 2420,4645 2474,4604 2600,4604 2604,4573 2600,4502 2519,4498 2515,4498 2512,4498 2508,4498 2505,4502 2467,4526 2297,4526 2259,4502 2242,4495 2239,4495 2116,4495 2112,4495 2109,4495 2106,4495 2092,4505 2065,4526 2007,4526 1979,4505 1966,4495 1962,4495 1959,4495 1955,4495 1904,4505 1860,4515 1812,4509 1744,4495 1740,4495 1737,4495 1733,4495 1733,4498 1723,4509 1716,4515 1358,4519 1331,4512 1262,4491 1259,4491 1256,4491 1252,4491 1249,4491 1221,4512 1211,4522 1061,4522 1054,4515 1034,4495 1034,4491 1030,4491 1027,4491 846,4491 843,4491 839,4491 836,4491 836,4495 812,4515 808,4519 703,4519 703,4567"/>
        <Baseline points="703,4567 2604,4573"/>
        <TextEquiv>
          <Unicode>Doch neben am Gebüſche zieht</Unicode>
        </TextEquiv>
      </TextLine>

      
      
      <TextLine id="eSc_line_cbb8299c" custom="structure {type:default;}">
        <Coords points="713,4724 709,4758 747,4795 747,4799 750,4799 754,4799 757,4799 761,4799 764,4799 812,4765 911,4771 914,4771 918,4771 921,4771 952,4751 962,4747 996,4747 1003,4751 1051,4795 1051,4799 1054,4799 1058,4799 1061,4802 1146,4802 1146,4799 1150,4799 1239,4751 1245,4747 1249,4751 1286,4768 1290,4768 1293,4768 1297,4768 1341,4754 1385,4795 1385,4799 1389,4799 1392,4799 1396,4802 1549,4802 1549,4799 1553,4799 1556,4799 1614,4751 1655,4751 1713,4747 1764,4751 1846,4754 1908,4802 1911,4802 1914,4802 1918,4805 1962,4805 1962,4802 1966,4802 2075,4751 2146,4771 2150,4771 2153,4771 2245,4758 2331,4802 2334,4802 2338,4805 2454,4805 2454,4802 2457,4802 2461,4802 2525,4751 2583,4758 2614,4788 2614,4792 2618,4792 2621,4792 2624,4792 2628,4792 2631,4792 2693,4751 2754,4775 2757,4775 2761,4775 2764,4775 2768,4775 2802,4747 2805,4730 2802,4645 2577,4638 2573,4638 2570,4638 2553,4645 2508,4672 2464,4648 2461,4648 2457,4648 2454,4648 2385,4672 2334,4648 2324,4645 2321,4645 2317,4645 2314,4645 2310,4645 2307,4648 2273,4669 2218,4648 2184,4638 2181,4638 2177,4638 2102,4652 2044,4662 2010,4652 1966,4638 1962,4638 1959,4638 1870,4655 1771,4672 1751,4655 1744,4652 1744,4648 1740,4648 1737,4648 1733,4648 1730,4648 1727,4648 1720,4655 1699,4672 1587,4672 1573,4659 1549,4638 1549,4635 1546,4635 1542,4635 1539,4635 1536,4635 1488,4659 1477,4666 1464,4659 1426,4635 1423,4635 1419,4635 1416,4635 1413,4635 1358,4659 1341,4669 1331,4659 1314,4645 1310,4645 1307,4645 1122,4635 1119,4635 1116,4635 1112,4635 1071,4662 1061,4669 713,4669 713,4724"/>
        <Baseline points="713,4724 2805,4730"/>
        <TextEquiv>
          <Unicode>Ein Licht das gar beſcheiden glüht.</Unicode>
        </TextEquiv>
      </TextLine>

      
      
      <TextLine id="eSc_line_b3aabfb1" custom="structure {type:default;}">
        <Coords points="757,4887 764,4949 802,4925 877,4939 880,4939 884,4939 887,4939 921,4911 955,4942 965,4949 965,4952 969,4952 972,4952 976,4956 1034,4956 1034,4952 1037,4952 1088,4939 1102,4935 1119,4939 1191,4949 1194,4949 1198,4949 1201,4949 1201,4945 1215,4935 1249,4904 1399,4922 1402,4922 1406,4922 1409,4922 1409,4918 1430,4901 1559,4915 1563,4915 1566,4915 1641,4898 1761,4904 1771,4915 1798,4939 1798,4942 1802,4942 1805,4942 1809,4942 1901,4922 1921,4939 1925,4939 1928,4939 1931,4942 2075,4942 2075,4939 2078,4939 2082,4939 2129,4904 2143,4894 2187,4901 2276,4918 2280,4918 2283,4918 2324,4898 2409,4935 2413,4935 2416,4935 2420,4935 2495,4894 2689,4884 2693,4864 2686,4778 2542,4778 2539,4778 2536,4778 2532,4778 2532,4782 2474,4823 2385,4826 2024,4826 1983,4799 1979,4799 1976,4799 1972,4799 1969,4799 1966,4799 1935,4826 1884,4795 1863,4785 1860,4785 1856,4785 1853,4785 1850,4785 1829,4799 1809,4809 1798,4799 1788,4792 1788,4788 1785,4788 1781,4788 1720,4788 1716,4788 1713,4788 1686,4802 1631,4833 1570,4833 1525,4805 1518,4799 1515,4799 1512,4799 1508,4799 1505,4799 1488,4805 1433,4833 1396,4809 1382,4799 1378,4799 1375,4799 1372,4799 1368,4799 1341,4809 1293,4833 1259,4812 1235,4795 1232,4795 1228,4795 1177,4795 1174,4795 1170,4795 1167,4795 1167,4799 1150,4816 1129,4836 1054,4836 1027,4819 1003,4799 1000,4799 996,4799 993,4799 887,4802 884,4802 880,4802 880,4805 863,4823 853,4829 754,4826 757,4887"/>
        <Baseline points="757,4887 2693,4864"/>
        <TextEquiv>
          <Unicode>Wie ſich das alles fügen muß!</Unicode>
        </TextEquiv>
      </TextLine>

      
      
      <TextLine id="eSc_line_7e791bb5" custom="structure {type:default;}">
        <Coords points="723,5041 723,5068 1006,5061 1027,5068 1105,5096 1109,5096 1112,5096 1191,5092 1194,5092 1198,5092 1232,5065 1239,5058 1252,5065 1276,5075 1280,5075 1283,5075 1457,5061 1536,5055 1542,5058 1576,5089 1580,5089 1583,5089 1587,5092 1894,5092 1894,5089 1897,5089 1901,5089 1955,5051 1959,5051 2030,5072 2034,5072 2037,5072 2041,5072 2112,5055 2416,5065 2420,5065 2423,5065 2464,5048 2488,5072 2488,5075 2491,5075 2495,5075 2498,5075 2501,5075 2549,5061 2628,5082 2631,5082 2635,5082 2638,5082 2641,5082 2682,5044 2682,5024 2669,4939 2594,4959 2570,4939 2566,4935 2563,4935 2560,4935 2341,4935 2338,4935 2334,4935 2331,4935 2317,4945 2269,4983 1983,4983 1935,4956 1908,4942 1904,4942 1901,4942 1897,4942 1850,4956 1829,4962 1815,4959 1761,4942 1757,4942 1754,4942 1751,4942 1696,4962 1665,4973 1655,4962 1631,4942 1628,4942 1624,4942 1570,4942 1566,4942 1563,4942 1559,4942 1525,4966 1491,4990 1348,4990 1324,4969 1293,4945 1290,4945 1286,4945 1283,4945 1280,4945 1232,4973 1211,4983 1157,4973 1122,4969 1119,4969 1116,4969 1099,4976 1064,4993 1003,4993 989,4980 959,4952 959,4949 955,4949 952,4949 839,4949 836,4949 832,4949 829,4949 781,4983 768,4990 720,4986 723,5041"/>
        <Baseline points="723,5041 2682,5024"/>
        <TextEquiv>
          <Unicode>Fürwahr! es iſt Homunkulus.</Unicode>
        </TextEquiv>
      </TextLine>

      
      
      <TextLine id="eSc_line_615caa9a" custom="structure {type:default;}">
        <Coords points="2935,5123 2856,5123 2829,5099 2826,5099 2822,5099 2819,5099 2816,5099 2812,5099 2792,5113 2737,5079 2734,5079 2730,5079 2727,5079 2723,5079 2720,5079 2669,5123 2515,5123 2409,5123 2355,5082 2351,5082 2348,5082 2106,5082 2102,5082 1986,5092 1983,5092 1979,5092 1979,5096 1959,5113 1884,5085 1880,5085 1877,5085 1873,5085 1870,5085 1815,5123 1778,5123 1744,5089 1744,5085 1740,5085 1737,5085 1658,5085 1655,5085 1652,5085 1648,5085 1590,5126 1508,5113 1505,5113 1501,5113 1440,5130 1430,5130 1396,5099 1392,5099 1389,5099 1385,5099 1382,5099 1378,5099 1341,5123 1249,5109 1245,5109 1242,5109 1239,5109 1211,5130 1204,5133 1177,5130 928,5092 925,5092 921,5092 918,5092 863,5130 856,5133 768,5133 771,5195 771,5222 884,5266 887,5266 1034,5273 1037,5273 1041,5273 1122,5229 1286,5249 1290,5249 1293,5249 1297,5249 1341,5222 1529,5222 1600,5270 1604,5270 1607,5270 1611,5273 1658,5273 1658,5270 1727,5266 1730,5266 1733,5266 1785,5229 1993,5246 1996,5246 2000,5246 2106,5215 2109,5215 2170,5215 2283,5215 2331,5259 2331,5263 2334,5263 2338,5263 2341,5263 2686,5259 2689,5259 2693,5259 2734,5222 2785,5256 2788,5256 2792,5256 2795,5256 2798,5256 2802,5256 2867,5212 2952,5212 2955,5184 2952,5174 2935,5123"/>
        <Baseline points="771,5195 2129,5174 2955,5184"/>
        <TextEquiv>
          <Unicode>Woher des Wegs, du Kleingeſelle?</Unicode>
        </TextEquiv>
      </TextLine>

      
    </TextRegion>
    

    
  </Page>
</PcGts>
