4096 6144
1413 856 1890 1017 Mephiſt.
757 1010 2979 1187 Was geht michs an! Natur ſey wie ſie ſey!
768 1167 3046 1377 war’s iſt Ehrenpunct! – der Teufel weis dabey.
2396 1136 2641 1254 war
781 1361 2839 1539 Wir ſind die Leute Großes zu erreichen;
778 1515 3324 1693 Tummult, Gewalt und Unſinn! ſieh das Zeichen! –
754 1693 3140 1870 Doch, daß ich endlich ganz verſtändlich ſpreche,
788 1846 3123 2007 Gefiel dir nichts an unſrer Oberfläche?
768 2013 3037 2177 Du überſahſt, in ungemeßnen Weiten,
774 2167 3392 2372 Die Reiche der Welt und ihre Herrlichkeiten;
812 2461 2583 2631 Doch, ungenügſam wie du biſt,
2413 2293 3077 2513 /: Matth. 4 :/
829 2600 2728 2821 Empfandeſt du wohl kein Gelüſt?
1563 2819 1979 3010 Fauſt.
849 2990 2689 3177 Und doch! ein Großes zog mich an.
846 3167 1396 3375 Errathe!
1624 3269 2082 3440 Mephiſt.
1310 3430 2611 3607 Das iſt bald gethan.
803 3553 3000 3783 Ich ſuchte mir ſo eine Hauptſtadt aus,
846 3754 3085 3932 Im Kerne Bürger=Nahrungs=Graus,
839 3918 3034 4126 Krum̄engen Gäßchen, ſpitzen Giebeln,
839 4085 3153 4300 Beſchränkten Markt, Kohl, Rüben, Zwiebeln;
836 4253 3044 4450 Fleiſchbänke wo die Schmeißen hauſen
814 4408 2790 4623 Die fetten Braten anzuſchmaußen;
819 4597 2426 4810 Da findeſt du zu jeder Zeit
843 4751 2638 4935 Gewiß Geſtank und Thätigkeit.
839 4899 2831 5099 Dann weite Plätze, breite Straßen,
866 5082 2846 5273 Vornehmen Schein ſich anzumaßen;
3263 669 3409 785 144
