4096 6144
1477 901 1744 1085 Chor.
849 1075 3041 1327 Ehrenwürdigſte der Parzen, weiſeſte Sibylle du,
877 1259 3157 1522 Halte geſperrt die goldne Scheere, dann verkünd’
1887 1430 2747 1611 uns Tag und Heil;
877 1576 3153 1788 Denn wir fühlen ſchon im Schweben, Schwanken,
1908 1730 2928 1928 Bammeln unergötzlich
870 1860 3106 2123 Unſere Gliederchen, die lieber erſt im Tanze ſich
1972 2058 2437 2228 ergötzten,
870 2184 2525 2399 Ruh’ten drauf an Liebchens Bruſt.
1358 2437 1768 2645 Helena.
863 2604 3222 2798 Laß dieſe bangen! Schmerz empfind ich, keine Furcht;
836 2757 3252 2966 Doch kennſt du Rettung, dankbar ſey ſie anerkannt.
846 2938 3222 3164 Dem Klugen, Weitumſichtigen zeigt führwahr ſich oft
843 3130 3119 3341 Unmögliches noch als möglich. Sprich und ſag es an.
1413 3351 1723 3495 Chor.
839 3508 3198 3710 Sprich und ſage, ſag uns eilig: wie entrinnen wir
2000 3645 2655 3781 den grauſen,
853 3737 3191 3979 Garſtigen Schlingen? die bedrohlich, als die ſchlech„
2034 3884 2979 4048 teſten Geſchmeide,
873 4014 3208 4225 Sich um unſre Hälſe ziehn. Vo͜rempfinden wir’s,
2048 4174 2648 4307 die Armen,
873 4287 3126 4464 Zum entathmen, zum erſticken, wenn du Rhea,
2030 4430 2618 4597 aller Götter
863 4549 2389 4771 Hohe Mutter, dich nicht erbarmſt.
