4096 6144
1433 972 1848 1167 Plutus.
986 1112 2641 1293 Er ahnt nicht was von auſſen droht;
983 1245 2809 1430 Laß ihn das Narrenweſen treiben
989 1361 3290 1583 Ihm wird kein Raum für ſeine Poſſen bleiben;
976 1518 3150 1751 Geſetz iſt mächtiger, mächtiger iſt die Noth.
1356 1704 2636 1930 Getümmel und Ungeſang.
976 1884 2781 2037 Das wilde Heer es kom̄t zumal
986 2003 2809 2198 Von Bergeshöh und Waldes Thal
996 2164 2635 2348 Unwiderſtehlich ſchreitets an
979 2304 2802 2508 Sie feyern ihren großen Pan.
1013 2467 3164 2607 Sie wiſſen doch was ......... keiner weis
996 2624 3225 2809 Und drängen in den leeren Kreis.
1612 2790 2001 2974 Plutus.
989 2990 2945 3167 Ich kenn euch wohl und euren Pan!
2375 2867 2785 3066 großen
1049 3118 3061 3338 Ihr habt einen kühnen Schritt gethan.
1024 3287 3020 3471 Ich weis was nicht ein jeder weis
1320 3251 1797 3374 recht gut
1037 3430 3119 3601 Und öffne dieſen ſtrengen Kreis.
1064 3553 3089 3676 Mag ſie ein gut Geſchick begleiten!
989 3621 2911 3761 Das Wunderlichſte kann geſchehn;
1041 3700 3184 3843 Sie wiſſen nicht wohin ſie ſchreiten,
1027 3785 2788 3966 Sie haben ſich nicht vorgeſehn.
1541 3942 2268 4190 Wildgeſang.
998 4111 2913 4352 Geputztes Volk du Flitterſchau!
1003 4314 2918 4491 Sie kommen roh ſie kom̄en rauh,
1017 4457 3160 4669 In hohem Sprung und raſchem Lauf
1020 4628 3007 4836 Sie treten derb und tüchtig auf.
3051 733 3211 890 35
