4096 6144
1751 752 3118 1034 Kaiſer /: zum Vierten :/
1049 936 3799 1162 Weil unausweichlich hier ſich nur von Feſten handelt,
1058 1116 3857 1320 So ſey mir, junger Held, zum Schenken umgewandelt.
1054 1264 3440 1500 Erzſchenke ſorge nun daß unſre Kellerey
1044 1406 3727 1628 Aufs reichlichſte verſorgt mit gutem Weine ſey.
1054 1587 3836 1792 Du ſelbſt ſey mäßig, laß nicht über Heiterkeiten,
1064 1745 3768 1971 Durch der Gelegenheit Verlocken, dich verleiten.
1850 1925 2512 2160 Erz Schenk.
1044 2048 3906 2273 Mein Fürſt, die Jugend ſelbſt, wen̄ man ihr nur vertraut,
1051 2218 3802 2440 Steht, eh man ſichs verſieht, zu Männern auferbaut.
1024 2396 3543 2606 Auch ich verſetze mich zu jenem großem Feſte;
1068 2560 3778 2768 Ein Kaiſerlich Büffets ſchmück ich aufs allerbeſte
1061 2730 3693 2942 Mit Prachtgefäßen, gülden, ſilbern allzumal,
1041 2887 3580 3075 Doch wähl’ ich dir voraus den lieblichſten Pokal:
1061 3041 3751 3280 Ein blank venediſch Glas, worin Behagen lauſchet,
1044 3210 3896 3445 Des Weins Geſchmack ſich ſtärkt und nim̄ermehr berauschet.
1027 3392 3751 3597 Auf ſolchen Wunderſchatz vertraut man oft zu ſehr,
1020 3573 3744 3785 Doch deine Mäßigkeit, du Höchſter, ſchützt noch mehr.
1848 3732 2380 3968 Kaiſer.
1054 3911 3671 4111 Was ich euch zugedacht in dieſer ernſten Stunde,
1058 4085 3860 4280 Vernahmt ihr mit Vertraun aus zuverläſſigem Munde.
1047 4232 3713 4440 Des Kaiſers Wort iſt groß und ſichert jede Gift,
1013 4403 3764 4611 Doch zur Bekräftigung bedarfs der edlen Schrift,
1047 4573 3758 4761 Bedarfs der Signatur. Die förmlich zu bereiten,
1047 4741 3792 4952 Seh ich den rechten Mann zu rechter Stunde ſchreiten.
1909 4874 3543 5140 Der Erzbiſchoff /: tritt auf :/
