4096 6144
1317 761 1938 911 Aſtrolog.
645 955 3133 1143 Empfangt mit Ehrfurcht ſterngegönnte Stunden;
614 1112 3256 1300 Durch magiſch Wort ſey die Vernunft gebunden;
610 1269 2556 1443 Dagegen weitheran bewege frey
628 1416 2781 1600 Sich herrliche verwegne Phantaſey.
648 1556 3051 1733 Mit Augen ſchaut nun was ihr kühn begehrt,
638 1723 3034 1901 Unmöglich iſt’s, drum eben glaubenswerth.
1426 1860 3300 2044 Fauſt /: ſteigt auf der andern Seite
1969 2000 3297 2194 des Proſceniums herauf :/
1409 2136 1955 2263 Aſtrolog.
655 2222 3150 2416 Im Prieſterkleid, bekränzt, ein Wundermann,
638 2382 3147 2563 Der nun vollbringt was er getroſt begann.
665 2532 3198 2730 Ein Dreyfuß ſteigt mit ihm aus hohler Gruft,
655 2676 3276 2904 Schon ahn’ ich aus der Schaale Weihrauchsduft.
648 2836 3157 3051 Er rüſtet ſich das hohe Werk zu ſegnen,
665 3000 3188 3225 Es kann fortan nur glückliches begegnen.
1402 3169 2682 3404 Fauſt /: großartig :/
682 3396 3044 3566 In eurem Namen, Mütter, die ihr thront
669 3556 2901 3730 Im Gränzenloſen, ewig einſam wohnt,
737 3700 3191 3884 Und doch geſellig. Euer Haupt umſchweben
689 3850 3034 4017 Des Lebens Bilder, regſam, ohne Leben.
689 4010 3276 4205 Was einmal war, in allem Glanz und Schein,
614 4177 3225 4355 Es regt ſich dort; denn es will ewig ſeyn.
744 4334 3198 4512 Und ihr vertheilt es, allgewaltige Mächte,
696 4495 3263 4655 Zum Zelt des Tages, zum Gewölb der Nächte.
679 4614 3007 4788 Die einen faßt des Lebens holder Lauf,
675 4758 3136 4935 Die andern ſucht der kühne Magier auf;
662 4901 3266 5079 In reicher Spende läßt er, voll Vertrauen,
723 5065 3287 5263 Was jeder wünſcht, das Wunderwürdige ſchauen.
3184 607 3269 692 48
