4096 6144
1634 1020 1884 1215 Chor
853 1211 2556 1396 Auf geht mir das Herz! o, ſeht nur dahin
880 1351 2754 1541 Wie ſo ſittig herab mit verweilendem Tritt
880 1529 2508 1699 Jungholdeſte Schaar anſtändig bewegt
866 1703 2843 1887 Den geregleten Zug. Wie? auf weſſen Befehl
866 1873 2706 2030 Nur erſcheinen gereiht und gebildet ſo früh,
870 2010 2618 2174 Von Jünglingsknaben das herrliche Volk?
839 2181 3041 2351 Was bewund’r’ ich zumeiſt! Iſt es zierlicher Gang,
546 2317 3072 2512 Oder des Haupts Lockhaar um die blendende Stirn,
542 2471 2966 2679 Oder der Wänglein Paar, wie die Pfirſiche roth
863 2635 2635 2812 Und eben auch ſo weichwollig beflaumt?
866 2816 2826 3003 Gern biß ich hinein, doch ich ſchaudre davor
860 2962 2870 3160 Denn in ähnlichem Fall, da erfüllte der Mund
897 3102 2481 3338 Sich, gräßlich zu ſagen! mit Aſche.
1297 3283 2102 3457 Aber die ſchönſten
1300 3416 2167 3580 Sie kommen daher;
1249 3563 2290 3727 Was tragen ſie nur?
1317 3689 2215 3840 Stufen zum Thron,
1317 3822 2051 3997 Teppich und Sitz,
1286 3983 2061 4154 Umhang und zelt„
1293 4099 2071 4283 artigen Schmuck,
1290 4249 2157 4406 Ueber überwallt er,
1266 4379 2338 4522 Wolkenkränze bildend,
1269 4498 2344 4669 Unſrer Königin Haupt
1273 4638 2273 4792 Denn ſchon beſtieg ſie
1280 4744 2525 4962 Eingeladen herrlichen Pfühl.
