4096 6144
2129 890 3430 1116 Mephiſt. /: ſich umſehend :/
1491 1116 3573 1286 Doch wie? – wo ſind ſie hingezogen?
1525 1269 3781 1443 Unmündiges Volk du haſt mich überraſcht,
1532 1409 3990 1573 Sind mit der Beute himmelwärts entflogen;
1529 1566 3812 1754 Drum haben ſie andieſer Gruft genaſcht!
1559 1703 3867 1901 Mir iſt ein großer Schatz entwendet,
1529 1853 3590 2058 Die Seele die ſich mir verpfändet
1530 2017 3793 2252 Die haben ſie mir pfiffig weggepaſcht.
1546 2228 3536 2413 Bey wem ſoll ich mich nun beklagen?
1556 2375 3870 2575 Wer ſchafft mir mein erworbenes Recht?
1529 2573 3850 2740 Du biſt getäuſcht in deinen alten Tagen,
1522 2734 3938 2932 Du haſts verdient, es geht dir grim̄ig ſchlecht.
1529 2911 3471 3095 Ich habe ſchimpflich mißgehandelt,
1484 3037 1955 3184 Ein großer
1556 3077 3696 3287 Der Aufwand, ſchimpflich! iſt verthan,
2585 3036 2841 3169 mäh
1546 3246 3896 3481 Gemein Gelüſt, abſurde Liebſchaft wandelt
1539 3450 3324 3628 Den ausgepichten Teufel an.
1556 3614 3799 3814 Und hat mit dieſem kindiſch=tollen Dingen
1522 3822 3672 4024 Der Klugerfahrne ſich beſchäftigt,
1542 4020 3870 4222 So iſt fürwahr d Thorheit nicht gering
1549 4198 3805 4410 Die ſeiner ſich am Schluß bemächtigt.
