4096 6144
1402 1095 1904 1356 Helena
843 1314 3321 1505 Sodann erfolgte des Herren ferneres Herſcherwort:
832 1501 3321 1686 Wenn du nun alles nach der Ordnung durchgeſehn,
887 1645 3341 1829 Dann nimm ſo manchen Dreyfuß als du nöthig glaubſt
911 1802 2952 1989 Und mancherley Gefäße die der Opfrer ſich
906 1960 3276 2201 Zur Hand verlangt, vollziehend heiligen Feſtge„
2740 2126 3153 2269 brauch.
911 2247 3302 2452 Die Keſſel, auch die Schaalen, wie das flache Rund,
877 2406 3075 2604 Das reinſte Waſſer aus der heilgen Quelle ſey
885 2544 3051 2769 In hohen Krügen, ferner auch das trockne Holz,
901 2718 3020 2913 Der Flammen ſchnell empfänglich, ſey bereit,
2396 2672 2728 2805 halte da
906 2846 3276 3102 Ein wohlgeſchliffnes Meſſer fehle nicht zuletzt;
911 3017 3140 3229 Doch alles andre geb ich deiner Sorge hin.
907 3194 3297 3396 So ſprach er, mich zum Scheiden drängend; aber nichts
938 3338 3259 3549 Lebendigen Athems zeichnet mir der Ordnende
942 3519 3317 3720 Das er, die Olympier zu verehren, ſchlachten will.
945 3703 3283 3904 Bedenklich iſt es, doch ich ſorge weiter nicht
935 3874 3310 4075 Und alles bleibe hohen Göttern heimgeſtellt,
938 4051 3092 4242 Die das vollenden, was in ihrem Sinn ſie
2539 4198 2976 4365 däucht,
938 4372 3194 4597 Es möge gut von Menſchen, oder möge bös
