4096 6144
1940 793 3128 1034 Fauſt. /: im Pallaſt :/
1426 996 3249 1181 Vier sah ich kom̄en, drey nur gehn,
1443 1140 3659 1310 Den Sinn der Rede konnt’ ich nicht verstehn.
1474 1269 3681 1448 Es klang ſo nach als hieß es – Noth
1484 1392 3517 1612 Ein düſtres Reimwort folgte – Tod.
1484 1520 3834 1781 Es tönte hohl, geſpenſterhaft gedämpft.
1484 1713 3911 1914 Noch hab ich mich ins Freye nicht gekämpft.
1474 1873 3915 2041 Könnt ich Magie von meinem Pfad entfernen
1443 2042 3906 2211 Die Zauberſprüche ganz und gar verlernen;
1481 2177 3915 2321 Stünd ich, Natur! vor dir ein Mann allein
1464 2298 3978 2524 Da wär’s der Mühe werth ein Mensch zu seyn.
1549 2536 3911 2723 Das war ich ſonſt, eh ich’sim Düſtern ſuchte,
1501 2710 3949 2877 Mit Frevelwort mich und die Welt verfluchte.
1489 2841 3906 3061 Nun iſt die Luft von ſolchem Spuck ſo voll
1488 3044 3938 3218 Daß niemand weiß wie er ihn meiden ſoll.
1505 3208 3928 3389 Wenn auch Ein Tag uns klar vernünftig lacht
1443 3343 3962 3594 In Traumgeſpinnſt verwickelt uns die Nacht;
1495 3512 3870 3747 Wir kehren froh von junger Flur zurück,
1495 3665 3896 3916 Ein Vogel krächzt; was krächzt er? Mißgeſchick.
1423 3860 3896 4111 Von Aberglauben früh und ſpat umgarnt:
1508 4072 3894 4242 Es eignet ſich, es zeigt ſich an, es warnt.
1501 4235 3915 4413 Und ſo verſchüchtert ſtehen wir allein.
1500 4367 3973 4618 Die Pforte knarrt und niemand kom̄t herein.
