4096 6144
931 1013 2792 1242 Dann, ohne Zaudern, mit Entzücken,
976 1143 3362 1406 Kannſt du dich ſelbſt, wirſt die Geliebte ſchmücken;
989 1320 3170 1556 Das leuchtend Farb= und Glanzgeſtein erhöht
976 1505 2744 1730 Die Schönheit wie die Majeſtät.
1471 1747 1949 1887 Kaiſer.
979 1819 3365 2092 Nur gleich nur gleich! Wie lange ſoll es währen!
1484 2051 2775 2263 Aſtrolog. /: wie oben :/
955 2177 3082 2454 Herr! mäßige ſolch dringendes Begehren,
945 2338 3140 2577 Laß erſt vorbey das bunte Freudenſpiel;
931 2481 3242 2754 Zerſtreutes Weſen führt uns nicht zum Ziel.
983 2641 3235 2887 Erſt müſſen wir in Faſſung uns verſühnen,
962 2829 3082 3020 Das Untre durch das Obere verdienen.
969 2969 2877 3177 Wer Gutes will der ſey erſt gut;
965 3109 3061 3345 Wer Freude will beſänftige ſein Blut;
955 3280 3307 3481 Wer Wein verlangt der keltre reife Trauben,
945 3423 3242 3659 Wer Wunder hofft der ſtärke ſeinen Glauben.
1525 3669 1996 3843 Kaiſer.
948 3761 3072 3990 So ſey die Zeit in Fröhlichkeit verthan!
952 3935 3300 4140 Und ganz erwünſcht kom̄t Aſchermittwoch an.
938 4075 3054 4297 Indeſſen feyern wir, auf jeden Fall,
959 4229 3007 4440 Nur luſtiger das wilde Carneval.
2370 4341 3271 4567 / Trompeten, Exeunt :/
1623 4449 2227 4648 Mephiſto.
938 4601 3119 4833 Wie ſich Verdienſt und Glück verketten
925 4799 2966 4973 as fällt den Thoren niemals ein;
986 4945 3167 5130 Wenn ſie den Stein der Weiſen hätten
945 5109 2699 5290 Der Weiſe mangelte dem Stein.
