<?xml version="1.0" encoding="UTF-8"  standalone="yes"?>
<PcGts xmlns="http://schema.primaresearch.org/PAGE/gts/pagecontent/2019-07-15" xmlns:xsi="http://www.w3.org/2001/XMLSchema-instance" xsi:schemaLocation="http://schema.primaresearch.org/PAGE/gts/pagecontent/2019-07-15 http://schema.primaresearch.org/PAGE/gts/pagecontent/2019-07-15/pagecontent.xsd">
  <Metadata>
	<Creator>escriptorium</Creator>
	<Created>2023-07-08T12:30:09.083381+00:00</Created>
        <LastChange>2023-07-08T12:30:09.083395+00:00</LastChange>

  </Metadata>
  <Page imageFilename="391098_0333_0.jpg" imageWidth="4096" imageHeight="6144">

    
    <TextRegion id="eSc_textblock_a4d4e195"  custom="structure {type:text;}">
      <Coords points="761,846 3027,846 3409,955 3491,1024 3519,1211 3601,1324 3669,1747 3642,2235 3696,2471 3628,2689 3655,3177 3560,3549 3642,4082 3601,5307 3560,5362 3287,5416 3068,5362 750,5362 764,4109 696,3259 655,1228 682,887 761,846"/>
      
      
      <TextLine id="eSc_line_e6e7276f" custom="structure {type:default;}">
        <Coords points="3046,855 3025,849 2872,865 2856,849 2841,849 2800,849 2785,870 2662,870 2636,855 2626,849 2585,849 2534,849 2483,849 2432,849 2380,849 2329,849 2278,849 2227,849 2176,849 2140,849 2109,860 2099,865 2088,860 2068,849 2022,849 2001,849 1991,860 1986,865 1914,865 1617,849 1612,849 1561,849 1510,849 1459,849 1254,870 1167,849 1152,849 1100,849 1049,849 998,849 947,849 896,849 844,849 793,849 742,855 691,880 696,962 701,1018 773,993 906,1018 1003,1034 1008,1034 1126,1013 1254,993 1285,1013 1310,1029 1315,1029 1320,1029 1326,1029 1331,1029 1336,1029 1361,1013 1387,993 1474,1008 1576,1029 1582,1029 1587,1029 1633,1008 1658,993 2119,988 2165,1003 2252,1029 2257,1029 2263,1034 2713,1034 2713,1029 3077,988 3082,952 3066,860 3046,855"/>
        <Baseline points="699,965 3084,957"/>
        <TextEquiv>
          <Unicode>Du biſt der Oberſte von allen Hausgeſinde,</Unicode>
        </TextEquiv>
      </TextLine>

      
      
      <TextLine id="eSc_line_2baf9917" custom="structure {type:default;}">
        <Coords points="709,1129 709,1153 901,1167 904,1167 907,1167 952,1153 962,1150 986,1153 1133,1174 1136,1174 1140,1174 1208,1150 1221,1146 1300,1150 1484,1157 1488,1157 1686,1146 1836,1136 1850,1143 1863,1153 1867,1153 1870,1153 1873,1153 1966,1143 1969,1143 2061,1177 2065,1177 2068,1177 2461,1170 2611,1136 2655,1126 2682,1136 2737,1153 2740,1153 2744,1153 2747,1153 2751,1153 2775,1133 2781,1126 2863,1126 2877,1133 2914,1160 2918,1160 2921,1160 2925,1163 3044,1163 3044,1160 3048,1160 3133,1129 3160,1122 3184,1129 3218,1140 3222,1140 3225,1140 3229,1140 3252,1129 3297,1109 3338,1129 3372,1143 3375,1143 3379,1143 3382,1143 3437,1126 3437,1082 3430,1003 3239,989 3235,989 3232,989 3174,1006 3099,1030 2901,1030 2805,1013 2734,1000 2730,1000 2727,1000 2696,1013 2645,1041 2484,1041 2420,1020 2375,1006 2372,1006 2368,1006 2304,1020 2259,1030 2208,1024 2123,1010 2119,1010 2024,1027 1955,1037 1925,1027 1880,1013 1877,1013 1873,1013 1788,1030 1672,1058 1095,1064 1051,1044 1030,1034 1027,1034 1024,1034 706,1047 709,1129"/>
        <Baseline points="709,1129 3437,1082"/>
        <TextEquiv>
          <Unicode>Bey deren innerm Streit ich ſchlechte Diener finde;</Unicode>
        </TextEquiv>
      </TextLine>

      
      
      <TextLine id="eSc_line_d0e10a89" custom="structure {type:default;}">
        <Coords points="696,1280 696,1310 875,1336 880,1336 885,1336 967,1310 977,1310 983,1310 1054,1361 1059,1361 1064,1361 1070,1367 1269,1367 1269,1361 1274,1361 1280,1361 1280,1356 1326,1315 1387,1361 1392,1361 1397,1361 1402,1367 1715,1367 1715,1361 1720,1361 1827,1310 1832,1310 1986,1341 1991,1341 2181,1320 2242,1361 2247,1361 2252,1361 2257,1367 2391,1367 2391,1361 2396,1361 2478,1315 2636,1315 2867,1361 2872,1361 2877,1361 2882,1361 2954,1310 3215,1310 3256,1341 3256,1346 3261,1346 3266,1346 3271,1346 3276,1346 3348,1305 3348,1274 3338,1172 3189,1141 3184,1141 3020,1172 3000,1177 2995,1172 2959,1146 2959,1141 2954,1141 2949,1141 2749,1141 2744,1141 2739,1141 2734,1141 2682,1177 2657,1192 2017,1192 2007,1182 1950,1157 1945,1157 1940,1157 1935,1157 1899,1177 1868,1146 1868,1141 1863,1141 1858,1141 1597,1141 1592,1141 1587,1141 1582,1141 1505,1187 1500,1187 1192,1141 1187,1141 1182,1141 1024,1192 875,1192 829,1152 829,1146 824,1146 819,1146 814,1146 808,1146 691,1187 696,1280"/>
        <Baseline points="699,1283 3351,1279"/>
        <TextEquiv>
          <Unicode>Dein Beyſpiel ſey fortan in Ehren aufgeſtellt,</Unicode>
        </TextEquiv>
      </TextLine>

      
      
      <TextLine id="eSc_line_8e67410a" custom="structure {type:default;}">
        <Coords points="713,1440 713,1467 1126,1464 1167,1467 1300,1481 1303,1481 1307,1481 1310,1481 1334,1464 1338,1464 1399,1508 1402,1508 1406,1508 1409,1512 1536,1512 1536,1508 1539,1508 1617,1471 1696,1484 1699,1484 1703,1484 1706,1484 1737,1464 1863,1488 1867,1488 1945,1471 1989,1501 1993,1501 1996,1501 2000,1505 2273,1505 2273,1501 2276,1501 2368,1454 2375,1450 2402,1454 2583,1474 2587,1474 2703,1450 2713,1447 2720,1447 2843,1495 2846,1495 2850,1495 2938,1477 3174,1491 3177,1491 3181,1491 3184,1491 3263,1443 3263,1440 3573,1437 3577,1409 3573,1344 3450,1310 3447,1310 3444,1310 3276,1348 3252,1351 3239,1348 3177,1324 3174,1324 3170,1324 3167,1324 3116,1348 3109,1355 2935,1355 2914,1351 2737,1317 2734,1317 2730,1317 2679,1341 2611,1320 2607,1320 2402,1320 2399,1320 2396,1320 2331,1348 2222,1324 2218,1324 2215,1324 2146,1361 2030,1334 2027,1334 1884,1365 1877,1368 1792,1368 1460,1368 1351,1341 1348,1341 1344,1341 1286,1372 1283,1375 1273,1375 1112,1375 1044,1338 1041,1338 846,1338 843,1338 839,1338 709,1378 713,1440"/>
        <Baseline points="713,1440 3577,1409"/>
        <TextEquiv>
          <Unicode>Wie Man dem Herrn, dem Hof und Allen wohlgefällt.</Unicode>
        </TextEquiv>
      </TextLine>

      
      
      <TextLine id="eSc_line_d8b98d88" custom="structure {type:default;}">
        <Coords points="1541,1617 1541,1699 1884,1648 2078,1653 2344,1664 2350,1664 2355,1664 2360,1664 2396,1633 2396,1587 2385,1489 1674,1464 1669,1464 1664,1464 1658,1464 1602,1515 1597,1520 1530,1520 1541,1617"/>
        <Baseline points="1543,1623 2399,1590"/>
        <TextEquiv>
          <Unicode>Erzkäm̄erer.</Unicode>
        </TextEquiv>
      </TextLine>

      
      
      <TextLine id="eSc_line_be296785" custom="structure {type:default;}">
        <Coords points="716,1766 716,1797 967,1843 972,1843 977,1843 1085,1797 1203,1822 1208,1822 1377,1792 1464,1832 1469,1832 1474,1832 1479,1832 1546,1797 1648,1817 1653,1817 1658,1817 1807,1781 2263,1817 2268,1817 2529,1766 2534,1761 2846,1761 2887,1797 2887,1802 2892,1802 2897,1802 2903,1807 3010,1807 3010,1802 3261,1797 3266,1797 3271,1797 3343,1751 3558,1792 3563,1792 3568,1792 3573,1792 3624,1751 3624,1725 3604,1592 3553,1628 3368,1602 3302,1592 3297,1592 3215,1607 3025,1638 2928,1612 2903,1607 2897,1607 2892,1607 2841,1617 2718,1643 2688,1623 2672,1607 2667,1607 2662,1607 2524,1607 2519,1607 2257,1617 2252,1617 2247,1617 2227,1633 2196,1658 1976,1658 1950,1643 1904,1623 1899,1623 1894,1623 1889,1623 1884,1623 1853,1648 1843,1653 1822,1648 1751,1623 1745,1623 1740,1623 1735,1623 1679,1653 1653,1664 1617,1653 1551,1633 1546,1633 1541,1633 1536,1633 1530,1633 1495,1658 1469,1674 1192,1674 1167,1669 1070,1638 1064,1638 1059,1638 1054,1638 1049,1638 1003,1669 849,1653 844,1653 711,1679 716,1766"/>
        <Baseline points="720,1771 2914,1716 3627,1726"/>
        <TextEquiv>
          <Unicode>Des Herren großen Sinn zu fördern bringt zu Gnaden,</Unicode>
        </TextEquiv>
      </TextLine>

      
      
      <TextLine id="eSc_line_b3939420" custom="structure {type:default;}">
        <Coords points="696,1930 696,1996 957,1966 1018,1991 1044,2007 1049,2007 1054,2007 1059,2007 1095,1991 1152,1966 1172,1991 1187,2001 1187,2007 1192,2007 1198,2007 1203,2007 1305,2001 1310,2001 1361,1986 1484,1955 1561,1986 1592,1996 1597,1996 1602,1996 1909,1991 1914,1991 1920,1991 1920,1986 1930,1981 1960,1950 2053,1971 2058,1971 2252,1940 2432,1971 2498,1981 2503,1981 2508,1981 2534,1971 2600,1935 2641,1966 2647,1976 2652,1976 2657,1976 2662,1981 2754,1981 2754,1976 2759,1976 2764,1976 2764,1971 2775,1966 2805,1930 2887,1966 2908,1971 2913,1971 2918,1971 2923,1971 2938,1966 3025,1925 3102,1960 3118,1966 3123,1966 3128,1966 3297,1955 3302,1955 3307,1955 3358,1920 3619,1950 3630,1904 3624,1786 3389,1761 3384,1761 3200,1792 3194,1792 3189,1792 3066,1761 3061,1761 3056,1761 2923,1786 2856,1761 2851,1761 2846,1761 2841,1761 2688,1802 2677,1802 2667,1802 2416,1771 2411,1771 2406,1771 2329,1807 2186,1786 2181,1786 2037,1812 1986,1776 1981,1776 1976,1776 1971,1776 1633,1817 1602,1792 1602,1786 1597,1786 1592,1786 1459,1786 1454,1786 1254,1827 1213,1797 1213,1792 1208,1792 1203,1792 1198,1792 1192,1792 1187,1792 1136,1832 1131,1832 1059,1807 1054,1807 1049,1807 911,1838 901,1838 865,1807 860,1807 855,1807 849,1807 691,1838 696,1930"/>
        <Baseline points="699,1935 3170,1877 3634,1906"/>
        <TextEquiv>
          <Unicode>Den beſten hülfreich ſeyn, den Schlechten ſelbſt nicht ſchaden,</Unicode>
        </TextEquiv>
      </TextLine>

      
      
      <TextLine id="eSc_line_966e9861" custom="structure {type:default;}">
        <Coords points="696,2095 699,2140 757,2119 843,2133 846,2133 849,2133 853,2133 880,2112 1099,2112 1136,2126 1211,2160 1215,2160 1218,2160 1221,2160 1297,2136 1419,2157 1423,2157 1426,2157 1501,2116 1508,2112 1515,2116 1563,2153 1566,2153 1570,2153 1573,2157 1617,2157 1617,2153 1621,2153 1624,2153 1686,2112 1696,2106 1713,2112 1740,2119 1744,2119 1747,2119 1751,2119 1778,2109 1802,2099 1819,2109 1897,2146 1901,2146 1904,2146 1908,2146 1911,2146 1969,2102 1986,2092 2017,2102 2051,2112 2054,2112 2058,2112 2061,2112 2085,2099 2109,2088 2150,2099 2191,2106 2194,2106 2198,2106 2232,2095 2266,2085 2334,2085 2355,2092 2464,2133 2467,2133 2471,2133 2624,2112 2710,2129 2713,2129 2717,2129 2816,2078 2822,2075 2829,2078 2949,2123 2952,2123 2955,2123 3167,2119 3170,2119 3252,2075 3287,2085 3290,2085 3293,2085 3297,2085 3362,2061 3362,2037 3345,1931 3276,1979 3170,1979 3109,1942 3106,1938 3102,1938 3099,1938 3031,1938 3027,1938 3024,1938 3010,1945 2949,1976 2863,1949 2856,1949 2853,1949 2850,1949 2846,1949 2839,1952 2775,1989 2669,1989 2570,1962 2546,1955 2542,1955 2539,1955 2536,1955 2505,1962 2392,1996 2331,1979 2327,1979 2324,1979 2321,1979 2242,2003 2167,2003 2129,1979 2099,1959 2095,1959 2092,1959 2088,1959 1945,1962 1942,1962 1880,1986 1829,2007 1788,1989 1730,1969 1727,1969 1723,1969 1720,1969 1658,1996 1614,2013 1536,2000 1392,1976 1389,1976 1385,1976 1320,2010 1297,2024 1235,2024 1218,2013 1170,1983 1167,1983 1163,1983 1092,1983 1088,1983 1085,1983 983,2020 962,2027 948,2024 839,1986 836,1986 832,1986 829,1986 750,2030 692,2030 696,2095"/>
        <Baseline points="696,2095 3362,2037"/>
        <TextEquiv>
          <Unicode>Dann klar ſeyn ohne Liſt, und ruhig ohne Trug!</Unicode>
        </TextEquiv>
      </TextLine>

      
      
      <TextLine id="eSc_line_dacca5a2" custom="structure {type:default;}">
        <Coords points="727,2263 727,2288 1239,2288 1295,2329 1300,2329 1305,2329 1310,2334 1408,2334 1408,2329 1413,2329 1418,2329 1448,2304 1546,2324 1551,2324 1556,2324 1561,2324 1612,2283 1617,2283 1633,2283 2124,2319 2129,2319 2135,2319 2140,2319 2196,2278 2201,2278 2211,2278 2641,2314 2647,2314 2652,2314 2657,2314 2657,2309 2698,2273 2734,2298 2739,2298 2744,2298 2749,2298 2754,2298 2759,2298 2805,2273 2816,2268 3005,2268 3015,2268 3066,2304 3072,2304 3077,2304 3082,2304 3235,2268 3240,2268 3312,2304 3317,2304 3322,2304 3517,2298 3522,2298 3609,2263 3609,2227 3604,2109 3235,2083 3230,2083 3225,2083 3220,2083 3169,2114 3143,2135 2974,2135 2887,2119 2693,2088 2688,2088 2682,2088 2677,2088 2621,2129 2606,2140 2488,2140 2472,2129 2432,2094 2426,2094 2421,2094 2416,2094 2211,2099 2206,2099 2201,2099 2165,2129 1950,2099 1945,2099 1940,2099 1827,2145 1822,2150 1674,2150 1664,2150 1628,2119 1623,2119 1617,2119 1612,2119 1607,2119 1602,2119 1571,2150 1448,2150 1310,2155 1305,2155 1213,2124 1208,2124 1203,2124 1198,2124 1080,2160 1075,2160 916,2114 911,2114 906,2114 901,2114 896,2114 896,2119 844,2165 721,2165 727,2263"/>
        <Baseline points="730,2266 2232,2222 3614,2231"/>
        <TextEquiv>
          <Unicode>Wenn du mich, Herr, durchſchauſt, geſchieht mir ſchon genug.</Unicode>
        </TextEquiv>
      </TextLine>

      
      
      <TextLine id="eSc_line_7c8c372d" custom="structure {type:default;}">
        <Coords points="699,2433 699,2467 914,2461 928,2467 1017,2508 1020,2508 1024,2512 1174,2512 1174,2508 1177,2508 1262,2474 1303,2505 1307,2505 1310,2505 1314,2505 1488,2501 1491,2501 1583,2450 1600,2440 1689,2440 1703,2447 1798,2495 1802,2495 1805,2495 1809,2495 1812,2495 1880,2443 1914,2440 2017,2433 2027,2440 2116,2484 2119,2484 2123,2488 2232,2488 2232,2484 2235,2484 2362,2443 2406,2471 2409,2471 2413,2471 2560,2478 2563,2478 2566,2478 2713,2420 2720,2416 2914,2416 3095,2416 3229,2461 3232,2461 3235,2461 3525,2399 3525,2379 3515,2297 3365,2304 3355,2300 3321,2273 3317,2273 3314,2273 3310,2273 3191,2290 3140,2266 3136,2266 3133,2266 3130,2266 3051,2307 3041,2314 2897,2314 2891,2310 2836,2273 2833,2273 2829,2273 2740,2269 2737,2269 2734,2269 2607,2310 2464,2321 2379,2324 2372,2321 2317,2280 2314,2280 2310,2280 2266,2280 2263,2280 2140,2283 2136,2283 2133,2283 2095,2307 1996,2290 1993,2290 1815,2304 1812,2304 1699,2338 1689,2338 1686,2338 1546,2297 1542,2297 1539,2297 1536,2297 1532,2297 1467,2341 1464,2344 1457,2341 1378,2314 1375,2314 1372,2314 1368,2314 1320,2334 1273,2304 1269,2304 1266,2304 1157,2304 1153,2304 1150,2304 1000,2351 993,2355 986,2355 866,2310 863,2310 860,2310 856,2310 853,2310 791,2358 788,2362 696,2362 699,2433"/>
        <Baseline points="699,2433 2440,2385 3525,2379"/>
        <TextEquiv>
          <Unicode>Darf ſich die Phantaſie auf jenes Feſt erſtrecken?</Unicode>
        </TextEquiv>
      </TextLine>

      
      
      <TextLine id="eSc_line_92455325" custom="structure {type:default;}">
        <Coords points="752,2585 752,2621 824,2652 829,2652 834,2652 839,2652 844,2652 880,2621 942,2641 947,2641 952,2641 1111,2616 1121,2616 1126,2616 1172,2657 1172,2662 1177,2662 1182,2662 1187,2667 1285,2667 1285,2662 1433,2657 1438,2657 1443,2657 1443,2652 1469,2631 1495,2657 1500,2657 1505,2657 1510,2657 1628,2652 1633,2652 1807,2606 1827,2600 1843,2606 1966,2647 1971,2647 1976,2647 1981,2647 2078,2600 2083,2600 2094,2600 2309,2641 2314,2641 2462,2636 2467,2636 2472,2636 2472,2631 2519,2595 2524,2590 2544,2595 2764,2631 2769,2631 2775,2631 2862,2590 2882,2575 3210,2575 3230,2580 3322,2621 3328,2621 3333,2621 3548,2575 3553,2549 3548,2442 3031,2421 3025,2421 3020,2421 2897,2457 2851,2467 2805,2457 2657,2426 2652,2426 2647,2426 2641,2426 2595,2462 2590,2462 2442,2447 2437,2447 2216,2472 2165,2478 2155,2472 2109,2452 2104,2452 2099,2452 2094,2452 2042,2478 2032,2483 1879,2483 1812,2483 1781,2452 1776,2452 1771,2452 1766,2452 1761,2452 1643,2483 1566,2447 1561,2447 1556,2447 1551,2447 1546,2447 1546,2452 1500,2493 1495,2493 1474,2493 1218,2462 1213,2462 1208,2462 1203,2462 1203,2467 1162,2498 911,2462 906,2462 901,2462 896,2462 896,2467 849,2508 747,2508 752,2585"/>
        <Baseline points="754,2587 1925,2573 3003,2539 3417,2548 3494,2548 3558,2552"/>
        <TextEquiv>
          <Unicode>Wenn du zur Tafel gehſt reich ich das goldne Becken,</Unicode>
        </TextEquiv>
      </TextLine>

      
      
      <TextLine id="eSc_line_561faeb6" custom="structure {type:default;}">
        <Coords points="701,2744 701,2775 834,2816 839,2816 844,2816 849,2816 972,2769 977,2769 983,2769 1080,2821 1085,2821 1090,2826 1372,2826 1372,2821 1377,2821 1454,2780 1628,2816 1633,2816 1638,2816 1745,2754 1751,2754 1771,2754 1960,2790 1966,2790 1971,2790 1976,2790 1976,2785 2007,2754 2216,2749 2232,2749 2288,2800 2288,2805 2293,2805 2298,2805 2304,2810 2391,2810 2391,2805 2396,2805 2401,2805 2503,2744 2723,2775 2728,2775 2734,2775 2816,2739 3189,2739 3317,2785 3322,2785 3328,2785 3333,2785 3338,2785 3338,2780 3384,2734 3384,2713 3368,2585 3281,2631 2979,2631 2928,2600 2918,2590 2913,2590 2908,2590 2810,2590 2805,2590 2800,2590 2795,2590 2795,2595 2785,2606 2749,2641 2652,2641 2611,2611 2595,2595 2590,2595 2585,2595 2462,2595 2457,2595 2452,2595 2365,2616 2304,2631 2227,2621 2135,2611 2129,2611 2124,2611 2088,2626 2042,2647 1935,2631 1761,2606 1756,2606 1751,2606 1745,2606 1704,2636 1684,2652 1617,2641 1443,2611 1438,2611 1433,2611 1428,2611 1428,2616 1392,2647 1382,2657 1315,2652 1075,2626 1070,2626 1064,2626 1003,2662 972,2631 972,2626 967,2626 962,2626 844,2621 839,2621 834,2621 696,2667 701,2744"/>
        <Baseline points="706,2747 2430,2710 3388,2716"/>
        <TextEquiv>
          <Unicode>Die Ringe halt ich dir, damit zur Wonnezeit,</Unicode>
        </TextEquiv>
      </TextLine>

      
      
      <TextLine id="eSc_line_652ec574" custom="structure {type:default;}">
        <Coords points="757,2897 757,2976 887,2976 887,2973 890,2973 897,2969 931,2952 1013,2966 1017,2966 1020,2966 1024,2966 1129,2935 1174,2962 1184,2969 1187,2969 1191,2969 1194,2973 1320,2973 1320,2969 1324,2969 1365,2959 1471,2925 1624,2949 1703,2962 1706,2962 1710,2962 1744,2945 1795,2921 1843,2945 1880,2962 1884,2962 1887,2962 1955,2959 1959,2959 1962,2959 1993,2938 2034,2914 2092,2935 2095,2935 2099,2935 2290,2911 2375,2911 2399,2928 2440,2955 2443,2955 2447,2955 2450,2955 2454,2955 2529,2925 2570,2904 2798,2904 2856,2914 3017,2949 3020,2949 3249,2904 3259,2904 3276,2904 3481,2914 3485,2914 3573,2894 3573,2874 3570,2802 3488,2761 3485,2761 3334,2761 3331,2761 3328,2761 3324,2761 3273,2795 3194,2764 3191,2764 3082,2764 3078,2764 3075,2764 2973,2809 2740,2768 2737,2768 2734,2768 2652,2809 2624,2795 2621,2795 2618,2795 2450,2819 2181,2819 2126,2788 2123,2788 2119,2788 1955,2795 1890,2778 1887,2778 1884,2778 1880,2778 1730,2822 1634,2785 1631,2785 1628,2785 1624,2785 1621,2785 1549,2829 1471,2829 1413,2792 1409,2792 1406,2792 1402,2792 1399,2792 1317,2833 1174,2833 1088,2788 1085,2788 1082,2788 1078,2788 1010,2822 952,2795 948,2795 836,2792 832,2792 829,2792 826,2792 754,2829 757,2897"/>
        <Baseline points="757,2897 2802,2867 3573,2874"/>
        <TextEquiv>
          <Unicode>Sich deine Hand erfriſcht, wie mich dein Blick erfreut.</Unicode>
        </TextEquiv>
      </TextLine>

      
      
      <TextLine id="eSc_line_49ddf6f4" custom="structure {type:default;}">
        <Coords points="1614,3061 1614,3089 2160,3078 2160,3048 2150,2983 2065,2983 2054,2976 2027,2949 2027,2945 2024,2945 2020,2945 2017,2945 2013,2945 1955,2969 1908,2986 1867,2962 1826,2935 1822,2935 1819,2935 1815,2935 1607,2942 1614,3061"/>
        <Baseline points="1614,3061 2160,3048"/>
        <TextEquiv>
          <Unicode>Kaiſer.</Unicode>
        </TextEquiv>
      </TextLine>

      
      
      <TextLine id="eSc_line_041fb542" custom="structure {type:default;}">
        <Coords points="721,3215 721,3266 1126,3266 1269,3302 1274,3302 1280,3302 1285,3302 1341,3276 1443,3297 1448,3297 1454,3297 1459,3297 1510,3256 1674,3297 1679,3297 1684,3297 1920,3240 1935,3240 1971,3271 1976,3271 1981,3271 1986,3271 1991,3271 2088,3246 2324,3287 2329,3287 2595,3281 2600,3281 2703,3230 2821,3276 2826,3276 2831,3276 2836,3276 2841,3276 2897,3225 2903,3225 2969,3225 2974,3225 3025,3261 3031,3261 3036,3261 3041,3261 3143,3240 3184,3271 3189,3271 3194,3271 3200,3271 3205,3271 3210,3271 3292,3220 3302,3215 3614,3215 3619,3169 3614,3066 3558,3036 3553,3036 3548,3036 3543,3036 3461,3072 3445,3077 3440,3072 3404,3036 3404,3031 3399,3031 3394,3031 3389,3031 3384,3031 3276,3061 3184,3036 3179,3036 3174,3036 2380,3046 2160,3097 2145,3102 1551,3107 1546,3107 1310,3072 1305,3072 1300,3072 1203,3118 1085,3118 1039,3118 972,3072 967,3072 962,3072 870,3072 865,3072 860,3072 716,3118 721,3215"/>
        <Baseline points="727,3218 3620,3173"/>
        <TextEquiv>
          <Unicode>Zwar fühl ich mich zu ernſt, auf Feſtlichkeit zu ſinnen,</Unicode>
        </TextEquiv>
      </TextLine>

      
      
      <TextLine id="eSc_line_e800ad97" custom="structure {type:default;}">
        <Coords points="757,3379 757,3413 839,3467 843,3467 846,3467 849,3471 935,3471 935,3467 1102,3464 1105,3464 1109,3464 1191,3406 1290,3461 1293,3461 1297,3461 1416,3457 1419,3457 1423,3457 1508,3399 1662,3399 1713,3420 1716,3420 1720,3420 1723,3420 1815,3396 1911,3447 1914,3447 1918,3450 2024,3450 2024,3447 2092,3444 2095,3444 2211,3386 2286,3423 2290,3423 2293,3423 2399,3399 2457,3437 2461,3437 2464,3437 2467,3440 2563,3440 2563,3437 2566,3437 2710,3379 2809,3379 2918,3430 2921,3430 2925,3430 2928,3430 3054,3372 3054,3368 3467,3362 3471,3328 3461,3235 3283,3276 3201,3259 3198,3259 3194,3259 3191,3259 3167,3280 2874,3283 2829,3263 2826,3263 2822,3263 2696,3283 2638,3263 2628,3259 2624,3259 2621,3259 2618,3259 2607,3263 2549,3290 2382,3269 2222,3252 2218,3252 2215,3252 2133,3280 2078,3300 1945,3300 1908,3287 1880,3276 1877,3276 1873,3276 1870,3276 1867,3276 1850,3290 1826,3304 1757,3293 1611,3266 1607,3266 931,3276 928,3276 754,3324 757,3379"/>
        <Baseline points="757,3379 3471,3328"/>
        <TextEquiv>
          <Unicode>Doch ſeys! Es fördert auch frohmüthiges Beginnen.</Unicode>
        </TextEquiv>
      </TextLine>

      
      
      <TextLine id="eSc_line_4da23679" custom="structure {type:default;}">
        <Coords points="1715,3507 1715,3584 2083,3543 2698,3558 2708,3491 2682,3379 2626,3425 2319,3420 2298,3394 2288,3389 2288,3384 2283,3384 2278,3384 2273,3384 2206,3394 2027,3440 1889,3440 1858,3409 1843,3394 1843,3389 1838,3389 1832,3389 1827,3389 1710,3409 1715,3507"/>
        <Baseline points="1716,3508 2713,3495"/>
        <TextEquiv>
          <Unicode>/: zum Dritten :/</Unicode>
        </TextEquiv>
      </TextLine>

      
      
      <TextLine id="eSc_line_1c1754f3" custom="structure {type:default;}">
        <Coords points="761,3682 764,3734 805,3713 832,3734 860,3754 863,3754 866,3754 870,3758 945,3758 945,3754 948,3754 952,3754 986,3730 1006,3713 1167,3706 1194,3723 1198,3723 1201,3723 1204,3723 1269,3717 1283,3723 1317,3751 1320,3751 1324,3751 1327,3751 1457,3747 1460,3747 1556,3720 1611,3703 1638,3717 1679,3744 1682,3744 1686,3744 1689,3747 1850,3747 1850,3744 1853,3744 1925,3713 1935,3706 1949,3713 2010,3741 2013,3741 2017,3744 2129,3744 2129,3741 2133,3741 2208,3706 2215,3703 2365,3693 2437,3693 2457,3703 2515,3737 2519,3737 2522,3737 2525,3737 2699,3734 2703,3734 2706,3734 2751,3706 2819,3734 2822,3734 2826,3734 2938,3727 2942,3727 3017,3693 3031,3682 3331,3682 3338,3686 3389,3710 3392,3710 3396,3710 3399,3710 3467,3682 3467,3645 3457,3584 3348,3584 3345,3584 3280,3553 3276,3553 3273,3553 3269,3553 3208,3577 3126,3539 3123,3539 3119,3539 3116,3539 3024,3584 2942,3543 2938,3543 2860,3543 2856,3543 2853,3543 2754,3580 2682,3553 2679,3553 2676,3553 2560,3580 2498,3549 2495,3549 2283,3549 2280,3549 2276,3549 2160,3597 2157,3601 2068,3601 2065,3597 2027,3566 2024,3566 2020,3566 2017,3566 2013,3566 1935,3590 1843,3563 1839,3563 1836,3563 1832,3563 1761,3601 1757,3604 1529,3604 1525,3604 1474,3577 1471,3577 1467,3577 1464,3577 1416,3601 1351,3566 1348,3566 1344,3566 1341,3566 1181,3607 1177,3607 1174,3607 1030,3566 1027,3566 897,3566 894,3566 890,3566 887,3566 826,3611 822,3614 757,3614 761,3682"/>
        <Baseline points="761,3682 1576,3662 3467,3645"/>
        <TextEquiv>
          <Unicode>Dich wähl’ ich zum Erztruchſeß! Alſo ſey fortan,</Unicode>
        </TextEquiv>
      </TextLine>

      
      
      <TextLine id="eSc_line_f69beef7" custom="structure {type:default;}">
        <Coords points="768,3896 803,3921 808,3921 814,3921 819,3927 1146,3927 1146,3921 1152,3921 1157,3921 1203,3891 1213,3886 1218,3891 1264,3921 1269,3921 1274,3921 1280,3927 1448,3927 1448,3921 1454,3921 1561,3891 1628,3870 1648,3891 1669,3906 1674,3906 1679,3906 1684,3906 1689,3906 1740,3891 1771,3880 1802,3891 1873,3916 1879,3916 1884,3916 1889,3916 1894,3916 1935,3891 1986,3855 2170,3880 2176,3880 2181,3880 2186,3880 2232,3850 2570,3850 2821,3850 2918,3886 2923,3886 2928,3886 2933,3886 3005,3850 3194,3850 3230,3880 3235,3880 3240,3880 3246,3880 3338,3860 3368,3886 3384,3901 3384,3906 3389,3906 3394,3906 3399,3906 3507,3886 3512,3824 3492,3784 3184,3742 3056,3701 3041,3696 3036,3696 2887,3696 2882,3696 2877,3696 2872,3696 2862,3706 2800,3747 2585,3747 2544,3712 2529,3701 2524,3701 2519,3701 2124,3701 2119,3701 2114,3701 2063,3727 2037,3742 2012,3727 1971,3701 1966,3701 1960,3701 1955,3701 1950,3701 1827,3732 1766,3747 1715,3737 1607,3706 1602,3706 1597,3706 1592,3706 1587,3706 1546,3742 1525,3752 1428,3742 1264,3727 1259,3727 993,3752 942,3722 936,3722 931,3722 926,3722 762,3758 768,3840"/>
        <Baseline points="771,3843 2153,3816 3515,3828"/>
        <TextEquiv>
          <Unicode>DirJagd, Geflügel=Hof und Vorwerk unterthan;</Unicode>
        </TextEquiv>
      </TextLine>

      
      
      <TextLine id="eSc_line_5426a0de" custom="structure {type:default;}">
        <Coords points="808,4010 808,4027 945,4048 948,4048 952,4048 1017,4027 1133,4031 1242,4075 1245,4075 1249,4078 1327,4078 1327,4075 1669,4068 1672,4068 1778,4017 1863,4010 1867,4010 1979,4061 1983,4061 1986,4061 2048,4058 2051,4058 2054,4058 2133,4007 2228,4007 2307,4044 2310,4044 2314,4044 2317,4044 2321,4044 2379,4000 2382,3997 2542,3997 2638,4048 2641,4048 2645,4048 2648,4048 2761,3993 2816,3993 2887,3990 2935,3990 3034,4041 3037,4041 3041,4041 3194,4037 3198,4037 3331,3983 3392,4007 3396,4007 3399,4007 3577,3976 3577,3956 3566,3891 3488,3894 3478,3891 3420,3867 3416,3867 3413,3867 3409,3867 3365,3887 3242,3853 3239,3853 3235,3853 3095,3857 3092,3857 3089,3857 3051,3887 2969,3898 2877,3908 2761,3901 2372,3870 2368,3870 2167,3880 2164,3880 2051,3911 1989,3925 1935,3911 1843,3887 1839,3887 1836,3887 1832,3887 1778,3915 1754,3925 1720,3915 1645,3891 1641,3891 1638,3891 1634,3891 1587,3915 1556,3932 1310,3925 1303,3921 1249,3894 1245,3894 1157,3894 1153,3894 1150,3894 1146,3894 1102,3921 1068,3942 805,3928 808,4010"/>
        <Baseline points="808,4010 3577,3956"/>
        <TextEquiv>
          <Unicode>Der Lieblingsſpeiſe wahl laß mir zu allen Zeiten</Unicode>
        </TextEquiv>
      </TextLine>

      
      
      <TextLine id="eSc_line_3ce59aee" custom="structure {type:default;}">
        <Coords points="795,4164 795,4191 972,4246 976,4246 979,4246 1133,4242 1136,4242 1140,4242 1198,4198 1242,4194 1310,4188 1324,4194 1406,4235 1409,4235 1413,4235 1416,4235 1501,4194 1525,4184 1634,4194 1699,4201 1703,4201 1768,4194 1918,4181 1959,4198 2037,4229 2041,4229 2044,4232 2157,4232 2157,4229 2160,4229 2249,4198 2321,4174 2402,4174 2437,4198 2474,4225 2478,4225 2481,4225 2484,4225 2734,4222 2836,4201 2867,4194 2921,4201 3044,4215 3048,4215 3051,4215 3095,4201 3225,4160 3409,4160 3594,4201 3597,4143 3590,4031 3392,4048 3365,4034 3331,4017 3328,4017 3218,4017 3215,4017 3211,4017 3150,4041 3092,4061 3010,4044 2914,4024 2911,4024 2908,4024 2839,4048 2788,4024 2785,4024 2781,4024 2658,4048 2382,4031 2379,4031 2375,4031 2293,4061 2242,4085 2092,4085 2065,4068 2037,4051 2034,4051 2030,4051 2027,4051 2024,4051 2020,4051 1996,4068 1972,4085 1938,4072 1928,4068 1925,4068 1921,4068 1918,4068 1911,4072 1884,4085 1693,4078 1604,4075 1600,4075 1570,4082 1515,4092 1481,4082 1430,4068 1426,4068 1423,4068 1419,4068 1416,4068 1396,4085 1382,4096 1314,4096 1300,4089 1239,4055 1235,4055 1232,4055 1228,4055 1157,4072 1034,4048 1030,4048 1027,4048 931,4096 928,4099 791,4099 795,4164"/>
        <Baseline points="795,4164 3112,4126 3597,4143"/>
        <TextEquiv>
          <Unicode>Wie ſie der Monat bringt,und ſorgſam zubereiten.</Unicode>
        </TextEquiv>
      </TextLine>

      
      
      <TextLine id="eSc_line_8d0264dd" custom="structure {type:default;}">
        <Coords points="1723,4314 1723,4420 1815,4420 1815,4416 1819,4416 1863,4403 1986,4362 2061,4379 2164,4403 2167,4403 2170,4403 2174,4403 2225,4358 2341,4345 2341,4307 2331,4212 2232,4218 2228,4218 2225,4218 2184,4253 2071,4253 2054,4232 2037,4218 2037,4215 2034,4215 2030,4215 2027,4215 2024,4215 2020,4215 1989,4239 1972,4253 1955,4242 1921,4215 1918,4215 1914,4215 1843,4215 1839,4215 1836,4215 1720,4256 1723,4314"/>
        <Baseline points="1723,4314 2341,4307"/>
        <TextEquiv>
          <Unicode>Erztruchſ.</Unicode>
        </TextEquiv>
      </TextLine>

      
      
      <TextLine id="eSc_line_7d7d11e2" custom="structure {type:default;}">
        <Coords points="785,4498 785,4532 1157,4515 1191,4526 1280,4560 1283,4560 1286,4560 1290,4560 1293,4560 1351,4526 1358,4519 1495,4512 1512,4522 1570,4560 1573,4560 1576,4560 1580,4563 1634,4563 1634,4560 1740,4556 1744,4556 1747,4556 1802,4515 1815,4509 1873,4509 1914,4515 2119,4553 2123,4553 2126,4553 2129,4553 2201,4509 2218,4498 2491,4498 2515,4505 2652,4546 2655,4546 2658,4546 2809,4543 2812,4543 2894,4505 2973,4505 3048,4543 3051,4543 3054,4543 3215,4522 3341,4539 3345,4539 3566,4485 3570,4461 3566,4396 3461,4355 3457,4355 3341,4352 3338,4352 3082,4355 3078,4355 2979,4399 2843,4382 2839,4382 2836,4382 2761,4403 2761,4406 2618,4406 2379,4406 2307,4375 2304,4375 2300,4375 2048,4410 1921,4369 1918,4369 1914,4369 1911,4369 1798,4413 1686,4372 1682,4372 1679,4372 1675,4372 1546,4416 1423,4375 1419,4375 1416,4375 1266,4379 1262,4379 1259,4379 1194,4423 1078,4423 1003,4382 1000,4382 866,4382 863,4382 860,4382 781,4420 785,4498"/>
        <Baseline points="785,4498 1856,4474 3570,4461"/>
        <TextEquiv>
          <Unicode>Strēg Faſten ſey für mich die angenehmſte Pflicht,</Unicode>
        </TextEquiv>
      </TextLine>

      
      
      <TextLine id="eSc_line_bb0f90d2" custom="structure {type:default;}">
        <Coords points="802,4662 802,4683 846,4706 849,4706 853,4706 856,4706 925,4689 989,4717 993,4717 996,4717 1000,4717 1095,4693 1136,4710 1140,4710 1143,4710 1146,4710 1232,4679 1368,4679 1426,4713 1430,4713 1433,4713 1437,4717 1645,4717 1645,4713 1648,4713 1652,4713 1703,4676 1983,4676 2027,4696 2030,4696 2034,4696 2037,4696 2088,4679 2129,4710 2133,4710 2136,4710 2140,4713 2307,4713 2307,4710 2310,4710 2409,4672 2798,4669 2908,4706 2911,4706 2914,4710 3106,4710 3106,4706 3109,4706 3112,4706 3170,4669 3334,4703 3338,4703 3341,4703 3345,4703 3396,4669 3488,4683 3491,4683 3495,4683 3498,4683 3525,4662 3525,4638 3522,4567 3420,4553 3416,4553 3413,4553 3386,4567 3358,4584 3177,4584 3153,4570 3099,4543 3095,4543 2966,4543 2962,4543 2812,4573 2761,4584 2717,4573 2641,4560 2638,4560 2525,4577 2464,4587 2450,4577 2406,4546 2402,4546 2399,4546 2170,4546 2167,4546 2164,4546 2106,4567 1959,4546 1955,4546 1730,4587 1706,4590 1699,4587 1628,4553 1624,4553 1621,4553 1484,4563 1481,4563 1477,4563 1454,4584 1382,4549 1378,4549 1375,4549 1372,4549 1259,4594 1256,4597 1163,4597 1163,4594 1078,4560 1075,4560 1071,4560 1068,4560 983,4597 798,4597 802,4662"/>
        <Baseline points="802,4662 1785,4638 3525,4638"/>
        <TextEquiv>
          <Unicode>Bis, vor dich hingeſtellt, dich freut ein Wohlgericht.</Unicode>
        </TextEquiv>
      </TextLine>

      
      
      <TextLine id="eSc_line_f54ec680" custom="structure {type:default;}">
        <Coords points="783,4807 783,4864 1024,4864 1024,4858 1029,4858 1034,4858 1064,4833 1223,4858 1259,4864 1264,4864 1269,4864 1285,4858 1361,4833 1576,4858 1638,4864 1643,4869 1945,4869 1945,4864 1950,4864 1955,4864 1966,4858 2001,4833 2068,4858 2094,4864 2099,4864 2104,4864 2109,4864 2129,4858 2191,4833 2314,4833 2344,4853 2350,4864 2355,4864 2360,4864 2365,4864 2457,4853 2693,4828 3522,4848 3532,4807 3527,4715 2887,4715 2831,4684 2826,4684 2821,4684 2816,4684 2810,4684 2810,4689 2785,4710 2201,4689 2196,4689 2191,4689 2186,4689 2155,4715 2048,4689 2042,4689 2037,4689 2032,4689 1966,4715 1832,4689 1827,4689 1822,4689 1817,4689 1786,4720 1566,4720 1479,4689 1474,4689 1469,4689 1464,4689 1459,4689 1459,4695 1433,4720 1264,4720 1233,4689 1228,4689 1223,4689 849,4689 844,4689 839,4689 778,4715 783,4807"/>
        <Baseline points="788,4812 2365,4785 3535,4811"/>
        <TextEquiv>
          <Unicode>Der Küche Dienerſchaft ſoll ſich mit mir vereinigen,</Unicode>
        </TextEquiv>
      </TextLine>

      
      
      <TextLine id="eSc_line_7b559e85" custom="structure {type:default;}">
        <Coords points="778,4956 781,4993 822,4983 846,4993 921,5031 925,5031 928,5034 1034,5034 1034,5031 1225,4993 1280,4983 1402,4983 1413,4993 1464,5027 1467,5027 1471,5027 1474,5031 1703,5031 1703,5027 1706,5027 1710,5027 1740,5007 1757,5021 1761,5021 1764,5021 1768,5021 1771,5021 1856,4990 1870,4986 1877,4990 1908,5010 1911,5010 1914,5010 1918,5010 1921,5010 1925,5010 1955,4990 1976,4980 2054,4980 2078,4990 2146,5024 2150,5024 2153,5024 2157,5024 2211,5000 2276,5024 2280,5024 2283,5027 2450,5027 2450,5024 2454,5024 2519,4990 2539,4976 2556,4986 2611,5024 2614,5024 2618,5024 2621,5027 2672,5027 2672,5024 2676,5024 2679,5024 2727,4986 2747,4973 3092,4973 3112,4986 3157,5021 3160,5021 3164,5021 3167,5024 3297,5024 3297,5021 3300,5021 3382,4986 3406,4976 3525,4983 3532,4942 3522,4887 3191,4887 3188,4887 3140,4850 3136,4850 3133,4850 2901,4850 2897,4850 2894,4850 2891,4850 2836,4887 2826,4894 2734,4894 2723,4887 2682,4860 2679,4860 2676,4860 2672,4860 2539,4887 2512,4891 2495,4887 2409,4857 2406,4857 2402,4857 2399,4857 2307,4887 2286,4891 2201,4891 2194,4887 2150,4857 2146,4857 2143,4857 2140,4857 1938,4881 1884,4860 1880,4860 1877,4860 1873,4860 1815,4887 1798,4898 1703,4898 1686,4887 1648,4860 1645,4860 1641,4860 1638,4860 1634,4860 1556,4887 1532,4894 1518,4887 1474,4857 1471,4857 1467,4857 1464,4857 1460,4857 1348,4887 1303,4898 1201,4898 1187,4887 1153,4860 1150,4860 1146,4860 1143,4860 965,4877 832,4860 829,4860 826,4860 774,4881 778,4956"/>
        <Baseline points="778,4956 3532,4942"/>
        <TextEquiv>
          <Unicode>Das Ferne beyzuziehn, die Jahrszeit zu beſchleunigen.</Unicode>
        </TextEquiv>
      </TextLine>

      
      
      <TextLine id="eSc_line_790063e2" custom="structure {type:default;}">
        <Coords points="773,5109 773,5145 870,5140 880,5145 931,5181 936,5181 942,5181 947,5181 952,5181 1044,5150 1131,5181 1136,5181 1141,5181 1146,5181 1213,5145 1223,5140 1264,5145 1459,5181 1464,5181 1469,5181 1474,5181 1474,5176 1510,5145 1520,5145 1761,5171 1766,5171 1771,5171 1822,5145 1899,5176 1904,5176 1909,5176 1914,5176 1920,5176 1955,5145 1971,5135 2795,5135 2810,5140 2882,5171 2887,5171 2892,5176 3502,5176 3502,5171 3507,5171 3512,5171 3537,5145 3537,5114 3527,5022 3148,5022 3077,4986 3072,4986 3066,4986 3061,4986 2949,5022 2846,4981 2841,4981 2688,4981 2682,4981 2677,4981 2672,4981 2621,5022 2472,4992 2467,4992 2298,5022 2135,4981 2129,4981 1827,4981 1822,4981 1817,4981 1812,4981 1730,5032 1725,5038 1638,5038 1638,5032 1587,4992 1587,4986 1582,4986 1576,4986 1571,4986 1566,4986 1561,4986 1561,4992 1515,5032 1469,5007 1464,5007 1459,5007 1177,5032 1146,5007 1146,5002 1141,5002 1136,5002 1018,5002 1013,5002 1008,5002 1003,5002 962,5032 901,4986 896,4986 890,4986 885,4986 880,4986 768,5032 773,5109"/>
        <Baseline points="774,5113 2798,5092 3539,5115"/>
        <TextEquiv>
          <Unicode>Dich reizt nicht fern und früh womit die Tafel prangt,</Unicode>
        </TextEquiv>
      </TextLine>

      
      
      <TextLine id="eSc_line_a990b029" custom="structure {type:default;}">
        <Coords points="783,5386 906,5386 906,5381 911,5381 916,5381 983,5329 1075,5376 1080,5381 1085,5381 1090,5381 1095,5381 1105,5376 1228,5309 1464,5309 1582,5370 1607,5381 1612,5381 1617,5381 1756,5365 1817,5355 1822,5355 1925,5304 2094,5329 2099,5329 2104,5329 2181,5304 2242,5355 2263,5376 2268,5376 2273,5376 2278,5381 2385,5381 2385,5376 2391,5376 2396,5376 2432,5355 2519,5304 2636,5304 2693,5345 2698,5345 2703,5345 2708,5345 2713,5345 2795,5304 2954,5304 3036,5340 3097,5370 3102,5370 3107,5370 3558,5329 3558,5288 3585,5194 3425,5189 3240,5198 2984,5181 2969,5181 2836,5130 2831,5130 2826,5130 2821,5130 2816,5130 2744,5176 2631,5130 2626,5130 2621,5130 2616,5130 2483,5181 2344,5155 2339,5155 2181,5181 2119,5130 2114,5130 2109,5130 2012,5130 2007,5130 2001,5130 1879,5186 1776,5135 1771,5135 1766,5135 1761,5135 1664,5176 1623,5140 1617,5140 1612,5140 1280,5135 1274,5135 1269,5135 1141,5176 1090,5135 1085,5135 1080,5135 1075,5135 1070,5135 1064,5135 1064,5140 1024,5171 931,5150 926,5150 921,5150 778,5191 783,5268"/>
        <Baseline points="788,5270 3037,5253 3563,5293"/>
        <TextEquiv>
          <Unicode>Einfach und kräftig iſt’s wornach dein Sinn verlangt.</Unicode>
        </TextEquiv>
      </TextLine>

      
    </TextRegion>
    

    
  </Page>
</PcGts>
