4096 6144
1877 614 2525 853 Aſtrolog.
1184 846 3703 1024 Der glühnde Schlüſſel rührt die Schaale kaum,
1170 1003 3768 1191 Ein dunſtiger Nebel deckt ſogleich den Raum.
1201 1174 3563 1361 Er ſchleicht ſich ein, er wogt nach Wolkenart,
1194 1348 3816 1515 Geballt, gedehnt, verſchränkt, getheilt, gepaart.
1194 1447 1658 1566 Und nun
1174 1498 3584 1648 Daran erkennt ein Geiſter=Meiſter Stück!
1198 1641 3447 1815 So wie ſie wandeln machen ſie Muſick.
1157 1798 3734 1962 Aus luftgen Tönen quillt ein Weisnichtwie,
1157 1949 3447 2116 Indem ſie ziehn wird alles Melodie.
1140 2099 3781 2300 Der Saulenſchaft, auch die Triglyphe klingt,
1204 2280 3703 2478 Ich glaube gar der ganze Tempel ſingt.
1157 2447 3816 2652 Das Dunſtige ſenkt ſich; aus dem leichten Flor
1184 2628 3764 2819 Ein ſchöner Jüngling tritt im Tackt hervor.
1181 2809 3809 2979 Hier ſchweigt mein Amt, ich brauch ihn nicht zu nen̄en,
1163 2949 3645 3153 Wer ſollte nicht den holden Paris kennen!
1809 3140 2372 3280 Dame.
1157 3310 3822 3515 O! welch ein Glanz aufblühender Jugendkraft!
1715 3496 2544 3747 Zweyte.
1170 3706 3717 3904 Wie eine Pfirſche friſch und voller Saft!
1129 4020 3809 4229 Die fein gezogenen, ſüß geſchwollnen Lippen!
1880 3877 2474 4020 Dritte.
1140 4358 3775 4553 Du möchteſt wohl an ſolchem Becher nippen.?
1983 4177 2515 4338 Vierte.
1181 4679 3771 4867 Er iſt gar hübſch, wenn auch nicht eben fein.
1949 4536 2495 4683 Fünfte.
1146 4969 3700 5188 Ein bischen könnt’ er doch gewandter ſeyn.
2020 4833 2461 5014 Sechſte.
