4096 6144
1153 716 3007 938 Famulus. /: den langen finſtern Gang
2041 849 2686 1013 herwankend :/
897 983 2682 1191 Welch ein Tönen! welch ein Schauer!
928 1119 2717 1324 Treppe ſchwankt, es bebt die Mauer;
918 1259 2734 1484 Durch der Fenſter buntes Zittern,
928 1413 2631 1617 Seh ich wetterleuchtend Wittern.
921 1553 2713 1795 Springt das Eſtrich, und von Oben
935 1716 2833 1928 Rieſelt Kalk und Schutt verſchoben.
925 1880 2665 2085 Und die Thüre, feſt verriegelt,
901 2013 2880 2252 Iſt durch Wunderkraft entſiegelt. –
894 2174 2751 2389 Dort! Wie fürchterlich! Ein Rieſe
911 2317 2740 2539 Steht in Fauſtens altem Vließe.
918 2471 2635 2682 Seinen Blicken, ſeinem Winken,
931 2624 2621 2863 Möcht’ ich in die Kniee ſinken.
914 2768 2662 3041 Soll ich fliehen? Soll ich ſtehn?
901 2973 2645 3208 Ach! wie wird es mir ergehn!
1344 3170 2560 3362 Mephiſtopheles. /: winkend :/
863 3345 3017 3587 Heran mein Freund! – Ihr heißet Nicodemus.
1351 3543 1880 3682 Famulus.
894 3624 3232 3829 Hochwürdiger Herr! ſo iſt mein Nahm’ – Oremus.
1437 3788 1880 3962 Mephiſt.
914 3915 1781 4061 Das laſſen wir!
1416 4014 1901 4150 Famulus.
1621 4055 3126 4283 Wie froh! daß ihr mich kennt.
1471 4246 1863 4413 Mephiſt.
904 4311 2979 4529 Ich weiß es wohl, bejahrt und noch Student,
921 4474 2986 4631 Bemooster Herr! Auch ein gelehrter Mann,
931 4580 3024 4730 Studirt ſo fort, weil er nicht anders kann.
935 4700 2979 4864 So baut man ſich ein mäßig Kartenhaus,
938 4826 3136 4993 Der größte Geiſt bauts doch nicht völlig aus.
928 4952 3143 5123 Doch euer Meiſter das iſt ein Beſchlagner:
965 5082 3136 5280 Wer kennt ihn nicht den edlen Doctor Wagner
