4096 6144
1256 761 3635 959 Auch die Verguldung ziemlich abgebraucht.
1938 925 2447 1095 Andre
1361 1024 3824 1285 Vom zehnten Jahr an hat ſie nichts getaugt.
2061 1256 2522 1361 Ritter.
1307 1375 3611 1607 Gelegentlich nimmt jeder ſich das Beſte;
1341 1546 3624 1754 Ich hielte mich an dieſe ſchönen Reſte.
2030 1740 2737 1925 Gelahrter.
1300 1880 3703 2102 Ich ſeh’ ſie deutlich, doch geſteh’ ich frey,
1276 2048 3655 2266 Zu zweiflen iſt, ob ſie die Rechte ſey.
1297 2232 3908 2413 Die Gegenwart verführt ins Uebertriebne,
1402 2396 3846 2583 Ich halte mich vor allem ans Geſchriebne.
1303 2563 3840 2744 Da leſ’ ich denn: ſie habe wirklich allen,
1327 2713 3822 2908 Graubärten Trojas ſonderlich gefallen;
1307 2874 3935 3051 Und, wie mich dünkt, vollkom̄en paßt das hier,
1372 3024 3887 3222 Ich bin nicht jung und doch gefällt ſie mir.
2024 3225 2693 3437 Aſtrolog.
1314 3423 3812 3618 Nicht Knabe mehr! Ein kühner Heldenmann
1334 3570 3826 3761 Umfaßt er ſie, die kaum ſich wehren kann.
1320 3747 3781 3932 Geſtärkten Arms hebt er ſie hoch empor,
1348 3925 3020 4109 Entführt er ſie wohl gar?
2218 4109 2641 4276 Fauſt.
2641 4266 3826 4450 Verwegner Thor!
1344 4430 3969 4614 Du wagſt! Du hörſt nicht! halt! das iſt zu viel!
2242 4618 2611 4797 Meph.
1365 4785 3945 4986 Machſt du’s doch ſelbſt das Frazzengeiſterſpiel!
