4096 6144
723 839 2505 1054 Sind Götter! Wunderſam eigen,
993 1006 2949 1218 Die ſich im̄erfort ſelbſt erzeugen,
1000 1181 2955 1351 Und niemals wiſſen was ſie ſind.
1160 1368 2604 1566 Bleibe auf deinen Höhn,
993 1556 2556 1754 Holde Luna, gnädig ſtehn;
996 1716 2549 1894 Daß es nächtig verbleibe,
1027 1873 2833 2051 Uns der Tag nicht vertreibe.
1409 2071 3242 2304 Thales. /: am Ufer zu Homunkulus :/
658 2273 2955 2454 Ich führte dich zum alten Nereus gern;
675 2423 3150 2631 Zwar ſind wir nicht von ſeiner Höhle fern,
648 2604 2775 2798 Doch hat er einen harten Kopf,
645 2768 2768 2969 Der widerwärtige Sauertopf.
658 2932 2737 3147 Das ganze menſchliche Geſchlecht
686 3112 3157 3290 Macht’s ihm, dem Griesgram, nim̄er recht.
641 3276 2717 3478 Doch iſt die Zukunft ihm entdeckt,
638 3454 2754 3645 Dafür hat jedermann Reſpect,
682 3624 2775 3826 Und ehret ihn auf ſeinem Poſten;
672 3805 2781 4027 Auch hat er manchem wohlgethan.
1505 3985 1868 4198 Hom.
682 4171 2693 4328 Probiren wir’s und klopfen an!
679 4328 3188 4532 Nicht gleich wird’s Glas und Flam̄e koſten.
1477 4526 1959 4662 Nereus.
460 4713 3276 4874 Sind’s Menſchenſtimmen die mein Ohr vernimmt?
464 4870 3191 5038 Wie es mir gleich im tiefſten Herzen grimmt!
464 5017 2914 5181 Gebilde, ſtrebſam Götter zu erreichen,
471 5147 3215 5328 Und doch verdammt ſich immer ſelbſt zu gleichen.
3061 634 3189 798 27
