4096 6144
1658 832 3324 1003 Und wo ſie ſich nur hingewandt
1652 969 3324 1143 Gehört ihr alles Volk und Land;
1655 1126 3307 1300 Doch, wo was rühmliches gelingt
1689 1273 3399 1467 Es mich ſogleich in Harniſch bringt.
1672 1433 3263 1611 Das Tiefe hoch, das Hohe tief,
1658 1580 3597 1785 Das Schiefe grad, das Grade ſchief,
1648 1747 3498 1914 Das ganz allein macht mich geſund,
1689 1873 3491 2109 So will ichs auf dem Erdenrund.
2201 2082 2587 2280 Herold.
1740 2259 3119 2426 So treffe dich du Lumpenhund,
1706 2416 3536 2573 Des frommen Stabes Meiſterſtreich,
1723 2570 3560 2717 Da krümm und winde dich ſogleich! –
1757 2686 3314 2867 Wie ſich die Doppelzwerggeſtalt
1744 2836 3570 2993 So ſchnell zum eklen Klumpen ballt! –
1737 2973 3676 3147 – Doch Wunder! – Klumpen wird zum Ey,
1740 3126 3587 3283 Das bläht ſich auf und platzt entzwey.
1768 3266 3577 3406 Nun fällt ein Zwillingspaar heraus,
1788 3382 3256 3546 Die Otter und die Fledermaus.
1768 3529 3365 3696 Die eine fort im Staube kriecht,
1781 3689 3464 3857 Die andre ſchwarz zur Decke fliegt.
1768 3833 3403 3990 Sie eilen drauſſen zum Verein,
1744 3973 3478 4157 Da möcht’ ich nicht der Dritte ſeyn.
2191 4194 2754 4382 Gemurmel.
1716 4362 3502 4532 Friſch! dahinten tanzt man ſchon –
1744 4522 3553 4662 Nein! Ich wollt ich wär’ davon –
1737 4655 3447 4816 Fühlſt du? wie uns das umflicht,
1737 4802 3208 5010 Das geſpenſtiſche Gezücht –
3440 5184 3781 5355 Sauſt’
