4096 6144
1030 1187 2686 1372 Was aber hör ich wird uns kund
921 1338 2856 1529 Von Ohr zu Ohr von Mund zu Mund!
928 1495 2273 1672 O ewig unglückſelge Nacht
935 1621 2723 1795 Was haſt du uns für Leid gebracht.
921 1768 2587 1938 Verkünden wird der nächſte Tag
938 1914 2624 2065 Was niemand willig hören mag;
938 2058 2641 2235 Doch hör’ ich aller Orten ſchreyn:
931 2208 2529 2389 Der Kaiſer leidet ſolche Pein
938 2382 2621 2539 O wäre doch ein andres wahr!
925 2522 2822 2686 Der Kaiſer brennt und ſeine Schaar.
931 2703 2798 2870 Sie ſey verflucht die ihn verführt,
948 2853 2549 3031 In harzig Reis ihn eingeſchnürt,
959 3003 2618 3170 Zu toben her mit Brüll=Geſang
948 3170 2594 3348 Zu allerſeitigem Untergang.
945 3324 2696 3502 O Jugend Jugend wirſt du nie
935 3491 2891 3638 Der Freude reines Maas bezirken?
938 3648 2624 3802 O Hoheit Hoheit wirſt du nie
938 3812 2973 3976 Vernünftig wie allmächtig wirken?
1191 4034 3106 4215 Schon geht der Wald in Flam̄en auf,
928 4201 2754 4389 Sie züngeln leckend ſpitz hinauf,
925 4369 2897 4553 Zum holzverſchränkten Deckenband,
952 4546 2901 4686 Uns droht ein allgemeiner Brand.
918 4686 2921 4840 Des Jammers Maaß iſt übevoll,
942 4870 2918 5017 Ich weis nicht wer uns retten ſoll.
938 5010 2676 5195 Ein Aſchenhaufen einer Nacht
938 5181 2788 5372 Liegt morgen reiche Kaiſerpracht.
3003 754 3191 1047 39
