4096 6144
1542 993 3464 1208 Wie ſegelt froh der bunte Ka
1815 812 3048 979 Thürmer. /: wie oben :/
1522 1167 3594 1338 Mit friſchem Abendwind heran!
1525 1314 3614 1508 Wie thürmt ſich ſein behender Lauf
1515 1457 3461 1648 In Kiſten, Kaſten, Säcken auf!
1713 1631 3901 1832 /: Prächtiger Kahn, reich und bunt beladen
1884 1788 3932 1996 mit Erzeugniſſen fremder Weltgegenden :/
1761 1972 3867 2208 Mephiſt. die drey gewaltigen Geſellen.
1839 2334 2914 2478 Da landen wir,
2112 2170 2573 2362 Chorus.
1853 2464 2942 2648 Da ſind wir ſchon.
1843 2614 3229 2812 Glückan! dem Herren,
1474 2887 3916 3118 /: ſie ſteigen aus, die Güter werden an'
1856 2757 2785 2942 Dem Patron.
2007 3048 3065 3276 Land geſchafft. :/
1553 3386 3478 3546 So haben wir uns wohl erprobt,
2054 3239 2590 3423 Mephiſt.
1566 3512 3752 3727 Vergnügt wenn der Patron es lobt.
1556 3686 3700 3857 Nur mit zwey Schiffen ging es fort,
1536 3809 3630 4008 Mit zwanzig ſind wir nun im Port.
1430 3932 3537 4192 Was große Dinge wir gethan
1510 4085 3665 4285 Das ſieht man unſrer Ladung an.
1532 4256 3758 4433 Das freye Meer befreyt den Geiſt,
1546 4406 3723 4573 Wer weis da was Beſinnen heißt!
1495 4570 3631 4741 Da fördert nur ein raſcher Griff,
1529 4686 3894 4911 Man fängt den Fiſch, man fängt ein Schiff,
1515 4802 3691 5068 Und iſt man erſt der Herr zu drey
1495 4935 3624 5166 Dann hackelt man das vierte bey.
1495 5068 3706 5324 Darauf geht es dem fünften ſchlecht,
2319 5073 2636 5201 denn
1508 5246 3676 5481 Man hat Gewalt, ſo hat man recht.
