<?xml version="1.0" encoding="UTF-8"  standalone="yes"?>
<PcGts xmlns="http://schema.primaresearch.org/PAGE/gts/pagecontent/2019-07-15" xmlns:xsi="http://www.w3.org/2001/XMLSchema-instance" xsi:schemaLocation="http://schema.primaresearch.org/PAGE/gts/pagecontent/2019-07-15 http://schema.primaresearch.org/PAGE/gts/pagecontent/2019-07-15/pagecontent.xsd">
  <Metadata>
	<Creator>escriptorium</Creator>
	<Created>2023-07-08T12:30:08.320459+00:00</Created>
        <LastChange>2023-07-08T12:30:08.320472+00:00</LastChange>

  </Metadata>
  <Page imageFilename="391098_0302_0.jpg" imageWidth="4096" imageHeight="6144">

    
    <TextRegion id="eSc_textblock_54a1c4c6"  custom="structure {type:text;}">
      <Coords points="2075,846 2467,860 2594,983 3123,1010 3276,1133 3546,1187 3573,1594 3519,1730 3874,1856 3833,2317 3655,2590 3846,2648 3942,2757 3956,2891 3778,3054 3942,3153 4024,3413 4024,4078 3915,4382 4024,4655 3969,4956 3997,5225 3956,5280 2430,5280 1406,5239 1365,5198 1283,4587 1378,3942 1447,1785 1419,1064 1474,983 1826,969 2075,846"/>
      
      
      <TextLine id="eSc_line_2c50a488" custom="structure {type:default;}">
        <Coords points="2442,855 2391,855 2339,855 2288,855 2278,849 2048,855 2032,865 2032,942 2027,1018 2457,1029 2467,957 2452,855 2442,855"/>
        <Baseline points="2034,945 2269,969 2472,962"/>
        <TextEquiv>
          <Unicode>Mephiſt.</Unicode>
        </TextEquiv>
      </TextLine>

      
      
      <TextLine id="eSc_line_9d8522e3" custom="structure {type:default;}">
        <Coords points="1433,1116 1433,1177 1617,1191 1621,1191 1624,1191 1628,1191 1648,1177 1689,1146 1778,1163 1781,1163 1969,1146 1996,1170 2013,1187 2013,1191 2017,1191 2020,1191 2024,1191 2321,1187 2324,1187 2368,1167 2413,1143 2583,1143 2607,1163 2635,1187 2638,1187 2641,1187 2645,1187 2648,1187 2723,1160 2775,1143 2908,1143 2925,1157 2925,1160 2928,1160 2932,1160 2935,1160 2938,1160 2945,1157 2976,1143 2996,1157 3027,1177 3031,1177 3034,1177 3037,1177 3041,1177 3044,1177 3068,1157 3078,1150 3130,1153 3136,1109 3119,1027 3089,1051 2938,1030 2867,1020 2863,1020 2795,1034 2693,1051 2583,1037 2457,1020 2454,1020 2355,1041 2338,1044 2331,1041 2283,1020 2280,1020 2276,1020 2273,1020 2222,1044 2198,1054 2174,1044 2119,1024 2116,1024 2024,1024 2020,1024 2017,1024 2013,1024 1976,1051 1966,1058 1730,1058 1727,1054 1675,1027 1672,1027 1669,1027 1665,1027 1662,1027 1631,1051 1559,1024 1556,1024 1553,1024 1549,1024 1546,1024 1508,1054 1474,1041 1471,1041 1467,1041 1464,1041 1430,1054 1433,1116"/>
        <Baseline points="1433,1116 3136,1109"/>
        <TextEquiv>
          <Unicode>Doch werden ſich Poeten finden,</Unicode>
        </TextEquiv>
      </TextLine>

      
      
      <TextLine id="eSc_line_3e07eeea" custom="structure {type:default;}">
        <Coords points="1448,1285 1454,1346 1525,1315 1571,1346 1592,1361 1597,1361 1602,1361 1607,1361 1612,1361 1648,1341 1674,1331 1756,1341 1904,1361 1909,1361 1914,1361 1920,1361 1920,1356 1945,1336 1971,1315 2237,1315 2304,1331 2421,1361 2426,1361 2432,1361 2437,1361 2493,1336 2877,1356 2882,1356 2887,1356 2959,1315 2974,1310 3020,1315 3153,1336 3159,1336 3164,1336 3246,1310 3251,1310 3261,1310 3363,1346 3368,1346 3374,1346 3379,1346 3496,1305 3496,1274 3481,1182 3358,1203 3302,1182 3246,1162 3240,1162 2938,1162 2933,1162 2928,1162 2923,1162 2887,1187 2867,1203 2805,1187 2749,1177 2744,1177 2606,1192 2442,1208 2401,1192 2344,1172 2339,1172 2334,1172 2329,1172 2324,1172 2293,1192 2273,1208 2227,1198 2170,1182 2165,1182 2160,1182 2088,1198 2048,1208 2032,1198 2012,1177 2007,1177 2001,1177 1797,1172 1792,1172 1786,1172 1689,1203 1669,1208 1648,1203 1582,1182 1576,1182 1571,1182 1443,1203 1448,1285"/>
        <Baseline points="1454,1286 3502,1279"/>
        <TextEquiv>
          <Unicode>Der Nachwelt deinen Glanz zu künden,</Unicode>
        </TextEquiv>
      </TextLine>

      
      
      <TextLine id="eSc_line_85404a7c" custom="structure {type:default;}">
        <Coords points="1454,1450 1454,1488 1546,1488 1549,1488 1669,1542 1672,1542 1675,1542 1679,1542 1751,1518 1942,1542 1945,1542 1949,1542 1952,1542 2000,1501 2058,1501 2112,1539 2116,1539 2119,1539 2123,1542 2317,1542 2317,1539 2321,1539 2324,1539 2348,1518 2399,1539 2402,1539 2406,1539 2409,1539 2498,1498 2519,1518 2522,1518 2525,1518 2529,1518 2532,1518 2580,1508 2672,1529 2676,1529 2679,1529 2682,1529 2740,1481 2744,1481 2826,1481 2829,1481 2928,1536 2932,1536 2935,1539 3007,1539 3007,1536 3010,1536 3191,1477 3198,1477 3532,1477 3536,1437 3525,1361 3396,1385 3358,1365 3341,1351 3338,1351 3334,1351 3331,1351 3256,1365 3157,1385 3102,1368 3082,1361 3078,1361 3075,1361 3072,1361 3051,1368 3007,1392 2740,1392 2706,1375 2676,1365 2672,1365 2669,1365 2665,1365 2618,1378 2580,1389 2566,1378 2553,1368 2553,1365 2549,1365 2546,1365 2542,1365 2457,1382 2406,1392 2396,1382 2379,1368 2379,1365 2375,1365 2372,1365 2368,1365 2365,1365 2331,1382 2300,1358 2297,1358 2293,1358 2191,1358 2187,1358 2184,1358 2181,1358 2140,1389 2133,1392 2123,1389 2051,1358 2048,1358 2044,1358 2041,1358 1962,1392 1949,1396 1938,1392 1867,1361 1863,1361 1566,1361 1563,1361 1559,1361 1450,1399 1454,1450"/>
        <Baseline points="1454,1450 3536,1437"/>
        <TextEquiv>
          <Unicode>Durch Thorheit Thorheit zu entzünden.</Unicode>
        </TextEquiv>
      </TextLine>

      
      
      <TextLine id="eSc_line_5de089a4" custom="structure {type:default;}">
        <Coords points="2027,1638 2027,1694 2432,1699 2437,1638 2437,1546 2288,1520 2283,1520 2027,1546 2027,1638"/>
        <Baseline points="2030,1641 2442,1641"/>
        <TextEquiv>
          <Unicode>Fauſt.</Unicode>
        </TextEquiv>
      </TextLine>

      
      
      <TextLine id="eSc_line_d7dad9fe" custom="structure {type:default;}">
        <Coords points="1471,1815 1471,1846 2048,1822 2078,1832 2112,1846 2116,1846 2119,1846 2123,1846 2126,1846 2146,1832 2167,1819 2293,1826 2341,1829 2344,1829 2372,1826 2433,1812 2495,1812 2515,1822 2566,1853 2570,1853 2573,1853 2577,1853 2805,1850 2809,1850 2921,1809 2925,1809 2928,1809 3112,1843 3116,1843 3119,1843 3123,1843 3170,1805 3310,1832 3314,1832 3317,1832 3382,1795 3382,1785 3375,1713 3287,1723 3266,1713 3225,1696 3222,1696 3218,1696 3215,1696 3211,1696 3181,1716 3160,1730 2870,1730 2863,1723 2843,1706 2843,1703 2839,1703 2836,1703 2833,1703 2727,1713 2699,1696 2696,1696 2693,1696 2689,1696 2686,1696 2682,1696 2631,1730 2618,1737 2529,1737 2501,1733 2355,1699 2351,1699 2348,1699 2269,1720 2245,1699 2242,1699 2239,1699 2235,1699 2232,1699 2228,1699 2167,1740 2160,1744 2140,1740 2058,1723 2054,1723 2051,1723 1989,1744 1979,1747 1972,1744 1911,1710 1908,1710 1904,1710 1901,1710 1792,1744 1740,1710 1737,1710 1733,1710 1658,1710 1655,1710 1467,1754 1471,1815"/>
        <Baseline points="1471,1815 2553,1785 3382,1785"/>
        <TextEquiv>
          <Unicode>Von allem iſt dir nichts gewährt.</Unicode>
        </TextEquiv>
      </TextLine>

      
      
      <TextLine id="eSc_line_ce4a636b" custom="structure {type:default;}">
        <Coords points="1481,1979 1481,1996 1590,2030 1594,2030 1597,2030 1600,2030 1641,2013 1710,2034 1713,2034 1716,2034 1914,2013 2007,2030 2010,2030 2013,2030 2143,1989 2153,1986 2181,1986 2310,2000 2314,2000 2399,1986 2413,1983 2420,1983 2478,2010 2481,2010 2484,2010 2488,2010 2491,2010 2522,1983 2563,1983 2652,1979 2655,1979 2713,2010 2717,2010 2720,2010 2723,2010 2792,1979 2792,1976 2969,1976 2973,1976 3020,1996 3024,1996 3027,1996 3031,1996 3054,1986 3085,2013 3089,2013 3092,2013 3095,2017 3242,2017 3242,2013 3246,2013 3249,2013 3273,1993 3334,2010 3338,2010 3341,2010 3642,2007 3645,2007 3744,1966 3754,1962 3850,1962 3853,1942 3846,1877 3652,1860 3648,1860 3645,1860 3642,1860 3642,1863 3621,1880 3614,1887 3515,1887 3505,1880 3454,1853 3450,1853 3297,1850 3293,1850 3290,1850 3287,1850 3239,1884 3229,1894 3075,1894 3061,1887 2973,1856 2969,1856 2966,1856 2962,1856 2914,1873 2822,1856 2819,1856 2676,1884 2631,1867 2628,1867 2624,1867 2621,1867 2563,1894 2553,1904 2396,1904 2389,1897 2351,1867 2348,1867 2344,1867 2150,1867 2146,1867 2143,1867 2140,1867 2092,1901 1996,1904 1850,1911 1843,1908 1809,1880 1805,1880 1802,1880 1703,1873 1699,1873 1696,1873 1617,1911 1607,1914 1477,1914 1481,1979"/>
        <Baseline points="1481,1979 2587,1952 3853,1942"/>
        <TextEquiv>
          <Unicode>Was weißt du was der Menſch begehrt?</Unicode>
        </TextEquiv>
      </TextLine>

      
      
      <TextLine id="eSc_line_4c348c50" custom="structure {type:default;}">
        <Coords points="1447,2160 1447,2184 1471,2201 1474,2201 1477,2201 1481,2201 1624,2184 1648,2201 1652,2201 1655,2201 1658,2201 1662,2201 1740,2181 1747,2177 1751,2181 1771,2198 1771,2201 1774,2201 1778,2201 2051,2222 2054,2222 2058,2222 2133,2177 2146,2174 2205,2174 2215,2177 2304,2222 2307,2222 2310,2222 2314,2222 2420,2177 2440,2170 2467,2177 2522,2194 2525,2194 2529,2198 2529,2194 2532,2194 2590,2177 2618,2170 2822,2170 2836,2177 2887,2215 2891,2215 2894,2215 2897,2215 3095,2211 3099,2211 3102,2211 3102,2208 3136,2177 3147,2167 3184,2177 3300,2201 3304,2201 3437,2174 3440,2146 3437,2044 3386,2030 3382,2030 3379,2030 3375,2030 3334,2048 3273,2078 3242,2051 3235,2044 3232,2044 3229,2044 3112,2034 3109,2034 3106,2034 3065,2054 3017,2082 2891,2061 2809,2048 2805,2048 2802,2048 2771,2061 2717,2037 2713,2037 2710,2037 2706,2037 2648,2068 2614,2085 2600,2068 2594,2065 2594,2061 2590,2061 2587,2061 2583,2061 2580,2061 2577,2061 2570,2068 2563,2075 2556,2068 2522,2041 2522,2037 2519,2037 2515,2037 2324,2037 2321,2037 2317,2037 2194,2078 2164,2088 2153,2078 2133,2061 2129,2061 2126,2061 2123,2061 2119,2061 2116,2061 2099,2075 2058,2041 2054,2041 2051,2041 2003,2041 2000,2041 1996,2041 1993,2041 1938,2085 1931,2092 1645,2092 1641,2092 1597,2058 1594,2058 1590,2058 1587,2058 1583,2058 1580,2058 1539,2092 1443,2095 1447,2160"/>
        <Baseline points="1447,2160 2522,2140 3440,2146"/>
        <TextEquiv>
          <Unicode>Dein widrig Weſen, bitter, ſcharf,</Unicode>
        </TextEquiv>
      </TextLine>

      
      
      <TextLine id="eSc_line_fab14be2" custom="structure {type:default;}">
        <Coords points="1471,2344 1474,2392 1536,2372 1590,2392 1597,2392 1600,2392 1604,2392 1812,2389 1836,2385 1966,2362 2054,2382 2078,2385 2082,2385 2085,2385 2099,2379 2160,2348 2662,2344 2740,2368 2771,2375 2775,2375 2778,2375 2781,2375 2785,2375 2798,2365 2839,2341 2962,2362 3020,2372 3024,2372 3215,2368 3218,2368 3242,2358 3283,2334 3440,2351 3498,2358 3502,2358 3751,2344 3754,2310 3741,2208 3662,2249 3597,2249 3536,2215 3515,2205 3512,2205 3508,2205 3399,2218 3348,2225 3331,2222 3283,2205 3280,2205 3276,2205 3273,2205 3235,2225 3184,2252 2996,2232 2952,2228 2949,2228 2904,2235 2764,2259 2723,2242 2696,2228 2693,2228 2689,2228 2590,2245 2484,2263 2389,2252 2150,2222 2146,2222 2143,2222 2140,2222 2085,2263 2071,2273 1877,2273 1873,2269 1785,2228 1781,2228 1696,2228 1693,2228 1467,2280 1471,2344"/>
        <Baseline points="1471,2344 2624,2314 3754,2310"/>
        <TextEquiv>
          <Unicode>Was weiß es was der Menſch bedarf.</Unicode>
        </TextEquiv>
      </TextLine>

      
      
      <TextLine id="eSc_line_4544e32c" custom="structure {type:default;}">
        <Coords points="1447,2645 1443,2706 1757,2710 1761,2710 1764,2710 1768,2710 1774,2703 1815,2669 1959,2665 2017,2693 2020,2693 2024,2693 2177,2665 2317,2672 2351,2693 2375,2703 2379,2703 2382,2703 2385,2703 2433,2689 2498,2672 2553,2689 2645,2717 2648,2717 2652,2717 2655,2717 2710,2686 2734,2686 2901,2669 2925,2682 2979,2710 2983,2710 2986,2710 2990,2710 3048,2682 3065,2699 3065,2703 3068,2703 3072,2703 3075,2703 3170,2693 3208,2720 3211,2720 3215,2720 3218,2720 3222,2720 3297,2682 3519,2669 3522,2658 3519,2560 3341,2590 3106,2560 3095,2560 3092,2560 3089,2560 3085,2560 3037,2590 2986,2560 2983,2556 2979,2556 2976,2556 2901,2556 2897,2556 2894,2556 2891,2556 2887,2560 2843,2590 2723,2590 2686,2560 2682,2560 2679,2560 2676,2560 2672,2560 2669,2560 2641,2580 2614,2560 2607,2556 2604,2556 2600,2556 2597,2556 2594,2556 2580,2560 2532,2583 2491,2563 2488,2560 2484,2560 2481,2560 2478,2560 2467,2563 2392,2587 2092,2587 2034,2563 2013,2556 2010,2556 2007,2556 2003,2556 2000,2556 1993,2563 1966,2583 1928,2563 1901,2549 1897,2549 1894,2549 1890,2549 1856,2563 1815,2580 1778,2563 1744,2549 1740,2549 1672,2549 1669,2549 1665,2549 1638,2563 1607,2580 1447,2566 1447,2645"/>
        <Baseline points="1447,2645 3522,2658"/>
        <TextEquiv>
          <Unicode>Geſchehe denn nach deinem Willen!</Unicode>
        </TextEquiv>
      </TextLine>

      
      
      <TextLine id="eSc_line_f6b677b0" custom="structure {type:default;}">
        <Coords points="2133,2512 2133,2570 2611,2573 2614,2505 2604,2406 2362,2447 2273,2447 2259,2437 2215,2409 2211,2409 2208,2409 2205,2409 2201,2409 2129,2443 2133,2512"/>
        <Baseline points="2133,2512 2614,2505"/>
        <TextEquiv>
          <Unicode>Mephiſt.</Unicode>
        </TextEquiv>
      </TextLine>

      
      
      <TextLine id="eSc_line_7baace00" custom="structure {type:default;}">
        <Coords points="3915,2730 3860,2751 3682,2734 3679,2734 3676,2734 3672,2734 3624,2768 3345,2768 3215,2734 3177,2727 3174,2727 3170,2727 3153,2734 3095,2764 3010,2764 2976,2737 2966,2727 2962,2727 2959,2727 2955,2727 2829,2734 2826,2734 2822,2734 2819,2737 2785,2761 2751,2737 2737,2727 2734,2727 2730,2727 2631,2727 2628,2727 2624,2727 2594,2737 2532,2761 2450,2740 2416,2730 2413,2730 2409,2730 2406,2730 2389,2740 2358,2757 2177,2757 2153,2740 2133,2723 2129,2723 2126,2723 2020,2723 2017,2723 2013,2723 2010,2723 1986,2740 1959,2757 1805,2754 1788,2744 1761,2730 1757,2730 1754,2730 1751,2730 1716,2744 1703,2751 1696,2744 1672,2723 1672,2720 1669,2720 1665,2720 1662,2720 1454,2744 1454,2826 1454,2880 1730,2846 1928,2867 1931,2867 1935,2867 1993,2839 2041,2874 2041,2877 2044,2877 2048,2877 2051,2877 2054,2877 2061,2874 2109,2850 2402,2839 2563,2843 2600,2867 2604,2867 2607,2867 2611,2867 2614,2867 2655,2853 2669,2867 2696,2891 2699,2891 2703,2891 2706,2891 2710,2891 2775,2870 2809,2891 2812,2891 2816,2891 2819,2894 2979,2894 2979,2891 2983,2891 3068,2863 3123,2843 3157,2860 3181,2874 3184,2874 3188,2874 3276,2860 3280,2860 3331,2894 3334,2894 3338,2894 3341,2897 3543,2897 3543,2894 3546,2894 3662,2853 3689,2846 3727,2853 3805,2870 3809,2870 3921,2850 3925,2826 3918,2734 3915,2730"/>
        <Baseline points="1454,2826 2034,2812 3925,2826"/>
        <TextEquiv>
          <Unicode>Vertraue mir den Umfang deiner Grillen.</Unicode>
        </TextEquiv>
      </TextLine>

      
      
      <TextLine id="eSc_line_cb4f8d2b" custom="structure {type:default;}">
        <Coords points="2088,3010 2085,3072 2498,3082 2505,3017 2501,2914 2420,2928 2406,2918 2375,2894 2372,2894 2368,2894 2239,2884 2235,2884 2232,2884 2228,2884 2174,2928 2164,2935 2088,2935 2088,3010"/>
        <Baseline points="2088,3010 2505,3017"/>
        <TextEquiv>
          <Unicode>Fauſt.</Unicode>
        </TextEquiv>
      </TextLine>

      
      
      <TextLine id="eSc_line_bc6cfdd4" custom="structure {type:default;}">
        <Coords points="1433,3201 1433,3239 1822,3225 1853,3239 1914,3263 1918,3263 1921,3263 1925,3263 1928,3263 1972,3235 1996,3222 2129,3235 2181,3239 2184,3239 2228,3235 2324,3222 2341,3232 2379,3263 2382,3263 2385,3263 2389,3263 2392,3263 2471,3235 2522,3263 2525,3263 2720,3266 2723,3266 2727,3266 2730,3266 2792,3229 2802,3225 3041,3225 3048,3229 3085,3242 3089,3242 3092,3242 3157,3232 3225,3266 3229,3266 3232,3269 3587,3269 3587,3266 3590,3266 3700,3239 3785,3266 3788,3266 3792,3266 3795,3266 3799,3266 3857,3222 3860,3211 3857,3123 3693,3143 3573,3123 3570,3123 3566,3123 3525,3143 3420,3126 3416,3126 3413,3126 3409,3126 3386,3147 3078,3147 2966,3112 2904,3095 2901,3095 2368,3092 2365,3092 2362,3092 2358,3092 2338,3106 2286,3143 2013,3143 1955,3102 1942,3092 1938,3092 1935,3092 1843,3092 1839,3092 1836,3092 1819,3102 1747,3143 1652,3143 1536,3099 1515,3092 1512,3092 1508,3092 1433,3095 1433,3201"/>
        <Baseline points="1433,3201 2822,3194 3860,3211"/>
        <TextEquiv>
          <Unicode>Mein Auge war aufs hohe Meer gezogen,</Unicode>
        </TextEquiv>
      </TextLine>

      
      
      <TextLine id="eSc_line_1aff1eb1" custom="structure {type:default;}">
        <Coords points="1423,3363 1418,3456 1674,3461 1679,3461 1684,3461 1689,3461 1699,3456 1766,3409 1904,3409 2053,3445 2124,3466 2129,3466 2135,3466 2140,3466 2196,3445 2298,3404 2380,3440 2437,3471 2442,3471 2447,3471 2452,3471 2554,3440 2647,3409 2841,3409 2887,3435 2954,3476 2959,3476 2964,3476 2969,3476 2974,3476 3138,3430 3200,3415 3266,3430 3481,3476 3486,3476 3491,3476 3496,3476 3573,3425 3584,3420 3973,3420 3978,3389 3968,3302 3722,3307 3681,3297 3584,3271 3578,3271 3573,3271 3568,3271 3496,3297 3466,3307 3420,3297 3307,3266 3302,3266 3297,3266 3292,3266 3220,3297 3205,3302 3200,3297 3174,3271 3174,3266 3169,3266 3164,3266 3159,3266 3153,3266 3097,3297 3092,3297 3077,3292 2954,3266 2949,3266 2810,3292 2785,3297 2780,3292 2734,3261 2728,3261 2723,3261 2718,3261 2513,3292 2462,3297 2447,3292 2411,3271 2406,3271 2401,3271 2053,3287 1945,3292 1925,3287 1802,3251 1797,3251 1792,3251 1786,3251 1664,3287 1628,3256 1628,3251 1623,3251 1617,3251 1612,3251 1423,3281 1423,3363"/>
        <Baseline points="1426,3368 3983,3391"/>
        <TextEquiv>
          <Unicode>Es ſchwoll empor, ſich in ſich ſelbſt zu thürmen.</Unicode>
        </TextEquiv>
      </TextLine>

      
      
      <TextLine id="eSc_line_a882d5e9" custom="structure {type:default;}">
        <Coords points="1402,3558 1397,3619 1792,3584 1899,3630 1909,3635 1914,3635 1920,3635 1925,3635 1940,3630 2099,3589 2211,3635 2227,3640 2232,3640 2237,3640 2288,3635 2560,3594 2647,3635 2662,3645 2667,3645 2672,3650 2841,3650 2841,3645 2846,3645 2851,3645 2856,3640 2908,3604 2964,3630 2969,3630 2974,3630 2979,3630 2984,3630 3031,3599 3266,3635 3271,3635 3486,3604 3599,3645 3630,3655 3635,3655 3640,3660 3747,3660 3747,3655 3752,3655 3758,3655 3768,3645 3809,3614 3850,3645 3855,3650 3855,3655 3860,3655 3865,3655 3870,3655 3957,3645 3962,3589 3962,3491 3845,3491 3845,3486 3783,3430 3783,3425 3778,3425 3773,3425 3768,3425 3763,3425 3548,3486 3537,3486 3471,3430 3466,3430 3461,3430 3456,3430 3450,3430 3445,3430 3404,3461 3271,3435 3266,3435 3102,3471 2933,3415 2928,3415 2923,3415 2918,3415 2913,3415 2882,3435 2667,3409 2580,3409 2575,3409 2570,3409 2565,3409 2462,3476 2421,3476 2304,3476 2304,3471 2242,3425 2237,3425 2232,3425 2227,3425 2222,3425 2119,3466 1976,3409 1971,3409 1966,3409 1960,3409 1756,3466 1402,3466 1402,3558"/>
        <Baseline points="1406,3563 2696,3549 3964,3590"/>
        <TextEquiv>
          <Unicode>Dann ließ es nach und ſchüttete die Wogen,</Unicode>
        </TextEquiv>
      </TextLine>

      
      
      <TextLine id="eSc_line_024c05b6" custom="structure {type:default;}">
        <Coords points="1406,3741 1402,3758 1443,3778 1447,3778 1450,3778 1454,3778 1498,3764 1549,3799 1553,3799 1556,3799 1559,3802 1730,3802 1730,3799 1733,3799 1737,3799 1757,3781 1880,3802 1884,3802 1887,3802 2000,3761 2143,3802 2146,3802 2150,3805 2269,3805 2269,3802 2273,3802 2276,3802 2317,3764 2379,3761 2385,3761 2389,3761 2652,3778 2655,3778 2751,3764 2850,3768 2901,3805 2904,3805 2908,3805 2911,3809 3013,3809 3013,3805 3017,3805 3020,3805 3078,3764 3215,3764 3317,3799 3321,3799 3324,3799 3328,3799 3386,3768 3467,3792 3471,3792 3474,3792 3478,3792 3539,3764 3594,3785 3597,3785 3601,3785 3604,3785 3655,3771 3730,3805 3734,3805 3737,3805 3928,3761 3932,3744 3928,3672 3546,3672 3543,3669 3478,3638 3474,3638 3471,3638 3467,3638 3396,3655 3310,3645 3307,3645 3304,3645 3300,3645 3273,3665 3112,3635 3109,3635 3106,3635 3102,3635 3065,3665 3058,3672 2949,3672 2918,3665 2768,3631 2679,3631 2676,3631 2672,3631 2669,3631 2631,3662 2563,3638 2560,3638 2556,3638 2471,3655 2437,3631 2433,3631 2430,3631 2362,3631 2358,3631 2355,3631 2300,3659 2290,3665 2273,3659 2222,3642 2218,3642 2215,3642 2211,3642 2177,3659 2164,3669 2102,3669 2088,3659 2061,3638 2058,3638 2054,3638 2051,3638 1945,3655 1884,3628 1880,3628 1559,3628 1556,3628 1553,3628 1549,3628 1512,3655 1498,3662 1406,3655 1406,3741"/>
        <Baseline points="1406,3741 2382,3730 3932,3744"/>
        <TextEquiv>
          <Unicode>Des flachen Ufers Breite zu beſtürmen.</Unicode>
        </TextEquiv>
      </TextLine>

      
      
      <TextLine id="eSc_line_6a1ce350" custom="structure {type:default;}">
        <Coords points="1418,3906 1413,3942 1776,3973 1781,3973 1879,3957 1976,3937 2053,3957 2099,3973 2104,3973 2109,3973 2160,3962 2273,3937 2319,3968 2350,3988 2355,3988 2360,3988 2365,3988 2503,3973 2677,3947 2723,3978 2759,3998 2764,3998 2769,3998 2775,3998 2780,3998 2841,3978 2918,3952 2995,3983 3000,3983 3005,3983 3010,3983 3015,3983 3020,3983 3061,3957 3363,3988 3368,3988 3543,3968 3671,3998 3783,4024 3788,4024 3993,4003 3998,3968 3998,3870 3712,3829 3706,3829 3589,3855 3578,3855 3507,3804 3502,3804 3496,3804 3491,3804 3486,3804 3415,3840 3292,3799 3287,3799 3000,3793 2995,3793 2990,3793 2984,3793 2984,3799 2944,3834 2928,3845 2882,3829 2723,3783 2718,3783 2713,3783 2314,3809 2104,3824 2058,3804 1991,3768 1986,3768 1981,3768 1976,3768 1914,3799 1873,3819 1418,3783 1418,3906"/>
        <Baseline points="1419,3911 2706,3911 4003,3969"/>
        <TextEquiv>
          <Unicode>Und das verdroß mich. Wie der Uebermuth</Unicode>
        </TextEquiv>
      </TextLine>

      
      
      <TextLine id="eSc_line_47f30ce1" custom="structure {type:default;}">
        <Coords points="1392,4096 1387,4136 1756,4198 1761,4203 2124,4203 2124,4198 2129,4198 2135,4198 2211,4147 2216,4142 2227,4147 2329,4183 2334,4183 2339,4183 2344,4183 2411,4147 2421,4142 2519,4147 2928,4172 2933,4172 3102,4152 3159,4198 3159,4203 3164,4203 3169,4203 3604,4224 3609,4229 3727,4229 3727,4224 3732,4224 3737,4224 3768,4193 3840,4224 3845,4224 3850,4224 3855,4224 3860,4224 3942,4157 3947,4126 3942,4034 3758,4029 3696,3988 3691,3988 3686,3988 3681,3988 3676,3988 3558,4024 3558,4029 3261,4029 3256,4024 3194,3978 3189,3978 3184,3978 3179,3978 3174,3978 3107,4003 2882,3978 2877,3978 2872,3978 2867,3978 2867,3983 2826,4014 2641,3973 2636,3973 2437,3998 2391,3968 2385,3968 2380,3968 2375,3968 2114,4003 2063,3962 2058,3962 2053,3962 1843,3962 1838,3962 1832,3962 1827,3962 1776,4003 1725,3978 1720,3978 1715,3978 1392,3993 1392,4096"/>
        <Baseline points="1396,4099 2491,4092 3952,4131"/>
        <TextEquiv>
          <Unicode>Den freyen Geiſt, der alle Rechte ſchätzt,</Unicode>
        </TextEquiv>
      </TextLine>

      
      
      <TextLine id="eSc_line_884f16ad" custom="structure {type:default;}">
        <Coords points="1377,4280 1372,4326 1541,4316 1566,4336 1602,4367 1602,4372 1607,4372 1612,4372 1617,4377 1710,4377 1710,4372 1715,4372 1720,4372 1720,4367 1756,4341 1771,4326 1930,4326 1950,4341 1971,4357 1971,4362 1976,4362 1981,4362 2135,4372 2140,4372 2145,4372 2242,4346 2344,4321 2391,4352 2437,4377 2442,4377 2447,4377 2452,4382 2795,4382 2795,4377 2800,4377 2805,4377 2831,4357 2856,4336 2959,4357 3051,4377 3056,4377 3061,4377 3066,4377 3087,4362 3133,4321 3409,4321 3686,4367 3696,4300 3691,4198 3476,4162 3471,4162 3466,4162 3353,4193 3256,4157 3251,4157 3246,4157 3240,4157 3159,4193 3159,4198 2979,4198 2979,4193 2897,4157 2892,4157 2667,4157 2662,4157 2657,4157 2575,4193 2570,4193 2437,4157 2432,4157 2426,4157 2421,4157 2355,4193 2350,4193 2242,4152 2237,4152 2232,4152 2227,4152 2145,4183 2078,4157 2073,4157 2068,4157 2063,4157 1976,4188 1920,4152 1914,4152 1909,4152 1904,4152 1899,4152 1817,4188 1720,4152 1715,4152 1710,4152 1377,4188 1377,4280"/>
        <Baseline points="1382,4283 2853,4273 3699,4304"/>
        <TextEquiv>
          <Unicode>Durch leidenſchaftlich aufgeregtes Blut,</Unicode>
        </TextEquiv>
      </TextLine>

      
      
      <TextLine id="eSc_line_3d3aaf66" custom="structure {type:default;}">
        <Coords points="1392,4457 1389,4536 1460,4539 1464,4539 1467,4539 1471,4539 1474,4536 1549,4488 1617,4505 1621,4505 1624,4505 1747,4488 1795,4529 1798,4529 1802,4529 1805,4529 1809,4529 1897,4502 1935,4529 1949,4543 1952,4543 1955,4543 1959,4546 2205,4546 2205,4543 2208,4543 2211,4543 2239,4526 2290,4495 2532,4495 2573,4519 2611,4549 2614,4549 2618,4549 2621,4553 2713,4553 2713,4549 2717,4549 2778,4519 2816,4546 2819,4546 2822,4546 2826,4546 2829,4546 2891,4515 2897,4512 2904,4515 2966,4549 2969,4549 2973,4549 2976,4549 2979,4549 3034,4515 3048,4505 3276,4502 3293,4509 3372,4556 3375,4556 3379,4556 3382,4560 3549,4560 3549,4556 3553,4556 3642,4505 3758,4502 3761,4474 3758,4379 3614,4389 3590,4379 3563,4365 3560,4365 3556,4365 3553,4365 3549,4365 3536,4379 3498,4406 3392,4406 3351,4379 3348,4379 3345,4379 3341,4379 3334,4379 3242,4399 3211,4379 3205,4372 3201,4372 3198,4372 3194,4372 3191,4372 3170,4379 3133,4392 3072,4379 2990,4362 2986,4362 2983,4362 2979,4362 2955,4379 2925,4399 2761,4399 2734,4379 2713,4365 2710,4365 2706,4365 2703,4365 2699,4365 2658,4379 2652,4382 2635,4379 2491,4355 2488,4355 2484,4355 2437,4382 2416,4392 2245,4392 2232,4382 2198,4352 2194,4352 2191,4352 1979,4352 1976,4352 1972,4352 1969,4352 1925,4382 1911,4392 1843,4392 1785,4382 1515,4348 1512,4348 1508,4348 1505,4348 1460,4382 1392,4382 1392,4457"/>
        <Baseline points="1392,4457 2341,4454 3761,4474"/>
        <TextEquiv>
          <Unicode>Ins Mißbehagen des Gefühls verſetzt.</Unicode>
        </TextEquiv>
      </TextLine>

      
      
      <TextLine id="eSc_line_86c3cedb" custom="structure {type:default;}">
        <Coords points="3973,4546 3921,4515 3916,4515 3911,4515 3768,4515 3763,4515 3758,4515 3752,4515 3752,4520 3701,4567 3696,4572 3420,4572 3415,4567 3384,4536 3379,4536 3374,4536 3368,4536 3363,4536 3358,4536 3317,4567 3312,4567 3307,4561 3184,4515 3179,4515 3174,4515 3169,4515 3087,4561 3046,4526 3041,4526 3036,4526 2856,4510 2851,4510 2846,4510 2698,4561 2693,4561 2652,4531 2647,4531 2641,4531 2636,4531 2631,4531 2590,4551 2549,4510 2549,4505 2544,4505 2539,4505 2222,4505 2216,4505 2211,4505 2135,4546 2104,4526 2099,4526 2094,4526 2088,4526 1889,4556 1879,4556 1873,4556 1781,4526 1776,4526 1771,4526 1766,4526 1704,4541 1658,4500 1653,4500 1648,4500 1643,4500 1402,4551 1402,4654 1397,4736 1669,4736 1669,4730 1674,4730 1771,4679 1930,4705 1935,4705 1940,4705 1976,4684 2007,4715 2007,4720 2012,4720 2017,4720 2022,4720 2027,4720 2032,4720 2083,4684 2124,4705 2129,4705 2135,4705 2375,4679 2442,4736 2447,4736 2452,4736 2457,4736 2682,4710 2877,4741 2882,4741 2887,4741 2892,4741 2897,4741 2974,4689 3809,4689 3880,4746 3886,4746 3891,4746 3896,4751 3983,4751 3988,4669 3988,4587 3973,4546"/>
        <Baseline points="1406,4655 2597,4642 3991,4670"/>
        <TextEquiv>
          <Unicode>Ich hielt’s für Zufall, ſchärfte meinen Blick,</Unicode>
        </TextEquiv>
      </TextLine>

      
      
      <TextLine id="eSc_line_a35e57f1" custom="structure {type:default;}">
        <Coords points="1433,4812 1428,4858 1704,4848 1802,4879 1889,4904 1894,4904 1899,4910 2155,4910 2155,4904 2160,4904 2165,4904 2186,4889 2232,4858 2723,4858 2744,4884 2749,4884 2749,4889 2754,4889 2759,4889 2764,4889 2769,4889 2831,4864 3036,4889 3041,4889 3225,4869 3333,4920 3353,4930 3358,4930 3363,4930 3399,4925 3578,4879 3722,4935 3727,4935 3732,4935 3737,4940 3875,4940 3880,4864 3875,4730 3379,4761 3322,4730 3297,4710 3292,4710 3287,4710 3281,4710 3276,4710 3271,4710 3271,4715 3256,4730 3225,4761 3128,4761 3066,4730 3025,4710 3020,4710 3015,4710 3010,4710 2969,4730 2913,4751 2846,4730 2744,4695 2739,4695 2498,4695 2493,4695 2339,4730 2273,4741 2191,4730 1889,4679 1884,4679 1879,4679 1873,4679 1792,4730 1786,4730 1766,4730 1612,4700 1607,4700 1433,4725 1433,4812"/>
        <Baseline points="1437,4816 2880,4826 3885,4867"/>
        <TextEquiv>
          <Unicode>Die Woge ſtand und rollte dann zurück,</Unicode>
        </TextEquiv>
      </TextLine>

      
      
      <TextLine id="eSc_line_756b799d" custom="structure {type:default;}">
        <Coords points="1477,5000 1474,5017 1553,5021 1665,5082 1669,5082 1672,5082 1675,5082 1679,5082 1751,5027 1802,5024 1819,5024 2013,5024 2017,5027 2034,5044 2037,5044 2041,5044 2044,5044 2146,5031 2167,5027 2170,5031 2225,5065 2228,5065 2232,5065 2235,5065 2372,5034 2389,5031 2645,5031 2655,5038 2720,5096 2723,5096 2727,5096 2730,5099 2826,5099 2826,5096 2829,5096 2833,5096 2911,5041 2918,5038 2932,5041 3031,5075 3034,5075 3037,5075 3041,5075 3085,5058 3143,5099 3147,5099 3150,5099 3560,5102 3563,5102 3566,5102 3570,5102 3570,5099 3601,5072 3689,5061 3802,5102 3805,5102 3809,5102 3812,5102 3816,5102 3860,5061 3863,5027 3860,4956 3737,4945 3672,4898 3669,4898 3665,4898 3662,4898 3478,4901 3474,4901 3399,4942 3375,4922 3372,4922 3368,4922 3365,4922 3362,4922 3358,4922 3321,4949 3314,4952 2945,4952 2935,4942 2887,4901 2887,4898 2884,4898 2880,4898 2802,4891 2628,4891 2624,4891 2621,4891 2539,4939 2519,4949 2464,4949 2437,4935 2321,4887 2317,4887 2211,4887 2208,4887 2205,4887 2112,4932 2102,4935 2095,4932 2061,4918 2058,4918 2054,4918 1989,4932 1962,4935 1952,4928 1867,4884 1863,4884 1860,4884 1696,4911 1638,4884 1634,4884 1631,4884 1477,4922 1477,5000"/>
        <Baseline points="1477,5000 2512,4997 3041,5021 3863,5027"/>
        <TextEquiv>
          <Unicode>Entfernte ſich vom ſtolz erreichten Ziel;</Unicode>
        </TextEquiv>
      </TextLine>

      
      
      <TextLine id="eSc_line_3e6fcca5" custom="structure {type:default;}">
        <Coords points="1433,5174 1430,5212 1607,5212 1648,5222 1696,5232 1699,5232 1703,5232 1706,5232 1710,5232 1720,5222 1740,5208 2007,5208 2099,5229 2150,5239 2153,5239 2157,5239 2184,5232 2245,5212 2331,5218 2358,5236 2409,5263 2413,5263 2416,5266 2590,5266 2590,5263 2594,5263 2655,5239 2723,5215 2826,5239 2829,5239 2942,5218 2983,5246 3013,5266 3017,5266 3020,5266 3153,5270 3157,5270 3160,5270 3201,5249 3249,5225 3372,5253 3375,5253 3379,5253 3382,5253 3512,5225 3549,5256 3570,5273 3573,5273 3577,5273 3580,5277 3706,5277 3706,5273 3710,5273 3713,5273 3730,5259 3771,5229 3956,5263 3962,5215 3962,5133 3863,5133 3863,5130 3809,5085 3805,5085 3802,5085 3799,5085 3614,5102 3611,5102 3607,5102 3577,5130 3573,5130 3519,5106 3515,5106 3512,5106 3508,5106 3423,5126 3420,5126 3276,5079 3273,5079 3269,5079 3266,5079 3263,5079 3191,5126 3184,5126 3085,5126 3085,5123 3054,5099 3051,5099 3048,5099 3044,5099 3041,5099 2979,5123 2979,5126 2798,5126 2795,5123 2737,5072 2737,5068 2734,5068 2730,5068 2727,5068 2362,5120 2341,5120 2321,5120 2245,5109 2184,5065 2181,5065 2177,5065 2174,5065 2170,5065 2116,5092 2082,5065 2078,5065 2075,5065 1935,5061 1788,5061 1785,5061 1781,5061 1720,5089 1594,5061 1590,5061 1587,5061 1583,5061 1536,5099 1433,5109 1433,5174"/>
        <Baseline points="1433,5174 2740,5171 3607,5191 3962,5215"/>
        <TextEquiv>
          <Unicode>Die Stunde kommt, ſie wiederholt das Spiel.</Unicode>
        </TextEquiv>
      </TextLine>

      
    </TextRegion>
    

    
  </Page>
</PcGts>
