4096 6144
1037 477 1208 655 16
1559 808 3109 993 Pokale ſtehen aus Rubinen,
1600 983 3290 1143 Und will er deren ſich bedienen
1570 1133 3194 1286 Daneben liegt uraltes Naß.
1566 1303 3768 1498 Doch – werdet ihr dem Kundigen glauben –
1597 1460 3669 1682 Verfault iſt längſt das Holz der Tauben,
1570 1621 3727 1863 Der Weinſtein ſchuf dem Wein ein Faß.
1604 1850 3242 2058 Eſſenzen ſolcher edlen Weine,
1583 2027 3287 2225 Gold und Juwelen nicht alleine
1611 2215 3577 2396 Umhüllen ſich mit Nacht und Graus.
1580 2365 3734 2573 Der Weiſe forſcht hier unverdroſſen;
1570 2539 3512 2768 Am Tag’ erkennen das ſind Poſſen,
1573 2723 3741 2955 Im Finſtern ſind Myſterien zu Haus.
2198 2976 2614 3157 Kaiſer.
1587 3116 3945 3321 Die laß ich dir! Was will das Düſtre from̄en!
1628 3304 3918 3522 Hat etwas Werth, es muß zu Tage kommen.
1634 3454 3935 3672 Wer kennt den Schelm in tiefer Nacht genau?
1617 3652 3928 3891 Schwarz ſind die Kühe, ſo die Katzen grau.
1604 3826 3884 4061 Die Töpfe drunten, voll von Goldgewicht;
1594 4010 3853 4270 Zieh’ an dem Pflug, und ackre ſie ans Licht.
2184 4273 2703 4485 Mephiſto.
1675 4461 3703 4686 Nimm Hack’ und Spaten grabe ſelber,
1669 4652 3597 4843 Die Bauernarbeit macht dich groß,
1693 4823 3662 5007 Und eine Heerde goldner Kälber
1675 4993 3426 5178 Sie reißen ſich vom Boden los.
