4096 6144
1252 877 3799 1047 Das Traum„ und Schreckbild jener Städteverwüſtenden?
1338 1075 3389 1249 Die Mädchen ſchaudern, aber du die älteſte
1351 1232 3659 1426 Du ſtehſt gelaſſen, rede mir verſtändig Wort.
1942 1419 2577 1621 Phorkyas.
1361 1621 3846 1812 Wer langer Jahre mannigfaltigen Glücks gedenkt,
1426 1798 3863 2007 Ihm ſcheint zuletzt die höchſte Göttergunſt ein Traum.
1396 1959 3573 2133 Du aber hochbegünſtigt, ſonder Maas und Ziel,
1385 2102 3495 2310 In Lebensreihe ſahſt nur Liebesbrünſtige,
1413 2280 3665 2484 Entzündet raſch zum kühſten Wagſtück jeder Art.
1419 2471 3720 2648 Schon Theſeus haſchte früh dich, gierig aufgeregt,
1396 2648 3846 2850 Wie Herakles ſtark, ein herrlich ſchön geformter Mann.
1942 2836 2426 3034 Helena.
916 2974 3502 3220 dreyzehn Entführte mich, ein ſiebenjährig ſchlankes Reh,
1419 3150 3679 3328 Und mich umſchloß Aphidnus Burg in Attika.
1925 3307 2524 3589 Phorkyas.
1416 3519 3809 3706 Durch Caſtor und durch Pollux aber bald befreit,
1419 3686 3686 3887 Umworben ſtandſt du ausgeſuchter Helden„Schaar.
1991 3819 2416 4044 Helena.
1406 4031 3741 4222 Doch ſtille Gunſt vor allen, wie ich gern geſteh’,
1423 4181 3495 4382 Gewann Patroklus, er des Peliden Ebenbild.
2065 4341 2440 4498 Phork:
1399 4471 3491 4625 Doch Vaterwille traute dich an Menelas,
1419 4618 3720 4857 Den kühnen Seedurchſtreicher, Hausbewahrer auch.
