4096 6144
812 993 2904 1177 Vor Iliosverbracht’ er langer Jahre zehn,
1536 1116 1766 1239 aber
815 1141 3031 1361 Zur Heimfahrt weiß ich nicht wie viel es war.
832 1344 3205 1518 Allein wie ſteht es hier am Platz um Tyndareos
822 1505 3215 1710 Erhabnes Haus? wie ſtehet es mit dem Reich umher?
1600 1696 2017 1832 Helena.
2145 1786 2432 1955 gänzlich
846 1867 2863 2024 Iſt dir denn ſo das Schelten einverleibt,
832 1979 3099 2187 Daß ohne Tadeln du keine Lippe regen kannſt?
1587 2170 2010 2310 Phork:
832 2314 3109 2495 So viele Jahre ſtand verlaſſen das Thal„Gebirg,
839 2488 3126 2679 Das hinter Sparta nordwärts in die Höhe ſteigt,
836 2641 2563 2816 Taygetos im Rücken, wo als muntrer Bach
856 2798 2952 3000 Herab Eurotas rollt und dann durch unſer Thal
822 2976 3092 3174 An Rohren breit hinfließend eure Schwäne nährt.
846 3119 3201 3355 Dort hinten ſtill im Gebirgthal hat ein kühn Geſchlecht,
843 3310 3027 3498 Sich angeſiedelt, dringend aus cimmeriſcher Nacht,
863 3450 2979 3662 Und unerſteiglich feſte Burg ſich aufgethürmt,
870 3614 3037 3843 Von da ſie Land und Leute placken wie’s behagt.
1508 3836 1925 4051 Helena.
914 4065 3256 4280 Das konnten ſie vollführen? Ganz unmöglich ſcheint’s.
1556 4242 1884 4468 Phork.
1675 4423 2252 4567 vielleicht an
942 4495 3181 4724 Sie hatten Zeit, nunvolle zwanzig Jahre ſind’s.
