4096 6144
3048 672 3222 812 22
1170 788 2710 976 Anaxagoras /: zu Thales :/
703 965 2802 1163 Dein ſtarrer Sinn will ſich nicht beugen,
757 1109 2870 1297 Bedarf es weit’res dich zu überzeugen?
1392 1228 1745 1413 Thales.
761 1368 2894 1539 Die Welle beugt ſich jedem Winde gern,
750 1518 3092 1699 Doch hält ſie ſich vom ſchroffen Felſen fern.
1372 1658 1761 1797 Anax.
764 1768 3075 1952 Durch Feuerdunſt iſt dieſer Fels zu Handen.
1440 1914 1819 2027 Thales.
727 2007 2798 2191 Im Feuchten iſt Lebendiges erſtanden.
1430 2153 2973 2338 Homunk. /: zwiſchen beiden :/
1044 2297 2788 2457 Laßt mich an eurer Seite gehn,
1054 2420 2925 2594 Mir ſelbſt gelüſtet’s zu entſtehn!
1454 2575 1812 2744 Anax.
761 2665 2914 2874 Haſt du, o Thales, je, in Einer Nacht,
781 2846 3222 3031 Solch einen Berg aus Schlam̄ hervorgebracht?
1413 2996 1877 3119 Thales.
761 3119 3133 3314 Nie war Natur und ihr lebendiges Fließen
750 3269 3136 3447 Auf Tag und Nacht und Stunden angewieſen;
764 3426 2744 3597 Sie bildet regelnd jegliche Geſtalt,
761 3587 2996 3754 Und ſelbſt im Großen iſt es nicht Gewalt.
1365 3717 1829 3915 Anax.
764 3840 3239 4034 Hier aber war’s! Plutoniſch grimmig Feuer
723 4014 3099 4174 Aeoliſcher Dünſte Knallkraft ungeheuer,
744 4171 3157 4352 Durchbrach des flachen Bodens alte Kruſte
727 4334 3229 4519 Daß neu ein Berg ſogleich entſtehen mußte.
1530 4464 1976 4684 Thales.
754 4635 3170 4812 Was wird dadurch nun weiter fortgeſetzt?
750 4788 2908 4980 Er iſt auch da, und das iſt gut zuletzt.
768 4925 3239 5096 Mit ſolchem Streit verliert man Zeit u. Weile
761 5089 3082 5283 Und führt doch nur geduldig Volk am Seile.
