4096 6144
1071 710 1867 976 Erster Act.
1051 1075 2082 1256 Anmuthige Gegend
771 1300 3099 1498 Fauſt auf blumigen Raſen gebettet, ermüdet,
1177 1464 2409 1624 unruhig, ſchlafſuchend.
1122 1655 1901 1785 Dämmerung.
846 1781 3024 1949 GeiſterKreisſchwebend bewegt, anmuthige
1303 1952 2304 2116 kleine Geſtalten.
1474 2170 3269 2409 Ariel /: Geſang von Aeolsharfen begleitet :/
1054 2375 2641 2556 Wenn der Blüten Frühlings=Regen
1075 2536 2413 2686 Ueber alle ſchwebend ſinkt,
1078 2662 2635 2833 Wenn der Felder grüner Segen
1061 2812 2368 2976 Allen Erdgebornen blinkt,
1082 2962 2478 3136 Kleiner Elfen Geiſtergröße
1085 3123 2385 3276 Eilet wo ſie helfen kann,
1085 3263 2392 3423 Ob er heilig? ob er böſe?
1082 3396 2717 3577 Jammert ſie der Unglücksmann.
559 3604 3007 3833 Die ihr dies Haupt umſchwebt im luftgen Kreiſe,
617 3788 2665 3966 Erzeigt euch hier nach edler Elfen Weiſe,
600 3911 2962 4123 Beſänftiget des Herzens grimmen Strauß,
604 4061 3010 4263 Entfernt des Vorwurfs glüchend bittre Pfeile,
621 4222 2781 4396 Sein Innres reinigt von verlebtem Graus.
621 4362 2525 4536 Vier ſind die Pauſen nächtiger Weile,
624 4491 2781 4659 Nun ohne Säumen füllt ſie freundlich aus.
631 4638 3048 4812 Erſt ſenkt ſein Haupt aufs kühle Polſter nieder,
621 4775 2686 4935 Dann badet ihn im Thau aus Lethes Fluth,
631 4915 2986 5092 Gelenk ſind bald die krampferſtarrten Glieder,
641 5058 2658 5215 Wenn er geſtärkt dem Tag entgegen ruht.
638 5184 2471 5331 Vollbringt der Elfen ſchönſte Pflicht
631 5300 2413 5478 Gebt ihn zurück dem heiligen Licht.
2727 5492 3065 5696 Chor.
