4096 6144
1399 894 2662 1075 Mephiſt. /: ernſthaft :/
805 1085 3348 1276 Als Gott der Herr, – Ich weiß auch wohl warum,
808 1249 3157 1409 Uns, aus der Luft, in tiefſte Tiefen bannte,
778 1392 3046 1592 Da, wo centraliſch glühend, um und um,
793 1556 3271 1771 Ein ewig Feuer flam̄end ſich durchbrannte,
798 1735 3200 1940 Wir fanden uns bey allzugroßer Hellung,
768 1899 3102 2088 In ſehr gedrängter unbequemer Stellung.
752 2042 2979 2268 Die Teufel fingen ſäm̄tlich an zu huſten,
788 2211 3072 2411 Von oben und von unten auszupuſten;
768 2375 3281 2600 Die Hölle ſchwoll von Schwefel‐Stank und Säure,
768 2590 3242 2757 Das gab ein Gas! Das ging ins Ungeheure,
762 2728 3235 2933 So daß gar bald der Länder flache Kruſte,
768 2925 3184 3078 So dick ſie war, zerkrachend berſten mußte.
762 3061 3118 3308 Nun haben wir’s an einem andern Zipfel,
783 3230 3153 3456 Was ehmals Grund war iſt nun Gipfel.
771 3420 3198 3597 Sie gründen auch hierauf die rechten Lehren
764 3604 3007 3758 Das Unterſte ins Oberſte zu kehren.
747 3768 3290 3945 Denn wir entrannen knechtiſch=heißer Gruft,
721 3901 3281 4152 Ins Uebermaß der Herrſchaft freyer Luft.
773 4096 3056 4295 Ein offenbar Geheimniß wohlverwahrt
798 4280 3235 4444 Und wird nur ſpät den Völkern offenbart.
1426 4468 1832 4655 Fauſt.
2307 4413 3164 4594 /: Ephes. 6. 12 :/
757 4587 3179 4797 Gebirgesmaſſe bleibt mir edel=ſtumm,
793 4761 3194 4971 Ich frage nicht woher und nicht warum?
742 4915 3112 5135 Als die Natur ſich in ſich ſelbſt gegründet,
747 5079 3184 5314 Da hat ſie rein den Erdball abgeründet.
3266 686 3415 814 143
