4096 6144
1044 559 1170 720 64
1556 880 3840 1160 Liegen Schätze dort verborgen? blumenſtreifige Ge„
2925 1092 3259 1225 wande
1587 1225 2682 1419 Hat er würdig angethan.
1576 1392 3915 1638 Quaſten ſchwanken von den Armen, Binden flattern
2908 1600 3611 1774 um den Buſen,
1594 1716 3867 1979 In der Hand die goldne Leyer, völlig wie ein klei„
2908 1925 3498 2129 ner Phöbus
1597 2037 3875 2375 Tritt er wohlgemuth zur Kante, zu dem Ueberhang;
2904 2290 3481 2461 wir ſtaunen.
1576 2365 3886 2621 Und die Eltern vor Entzücken werfen wechſelnd
2880 2570 3590 2747 ſich ans Herz.
1566 2689 3894 2955 Denn wie leuchtet’s ihm zu Häupten? Was erglänzt
2867 2904 3758 3051 iſt ſchwer zu ſagen,
1597 2996 3904 3266 Iſt es Goldſchmuck, iſt es Flamme übermächtiger
2853 3222 3539 3403 Geiſteskraft.
1583 3328 3819 3556 Und ſo regt er ſich gebärdend, ſich als Knabe
2846 3529 3744 3696 ſchon verkündend
1566 3652 3863 3901 Künftigen Meiſter alles Schönen, dem die ewige
2829 3857 3430 3993 Melodieen
1563 3973 3812 4181 Durch die Glieder ſich bewegen; und ſo werdet
2809 4150 3491 4314 ihr ihn hören,
1624 4276 3741 4539 Und ſo werdet ihr ihn ſehn zu einzigſter
2805 4502 3527 4730 Bewunderung.
