4096 6144
1607 880 3481 1100 Ein Fremder, der ſich dort verſteckt,
1624 1064 3631 1225 Und fechten wollte, ward geſtreckt.
1621 1191 3491 1355 In wilden Kampfes kurzer Zeit,
1634 1314 3611 1467 Von Kohlen, ringsumher geſtreut,
1633 1438 3722 1638 Entflammte Stroh. Nun loderts frey,
1617 1594 3590 1778 Als Scheiterhaufen dieſer Drey.
2191 1771 2594 1952 Fauſt.
1617 1879 3763 2083 War’t ihr für meine Worte taub!
1645 2058 3751 2235 Tauſch wollt ich, wollte keinen Raub.
1631 2218 3631 2379 Dem unbeſonnenen wilden Streich
1582 2329 3624 2570 Ihm fluch ich, theilt es unter euch.
2222 2493 2713 2728 Chorus.
1675 2717 3795 2894 Das alte Wort, das Wort erſchallt:
1684 2856 3619 3056 Gehorche willig der Gewalt!
1689 3003 3781 3184 Und biſt du kühn, und hältst du Stich,
1672 3157 3778 3362 So wage Haus und Hof und – Dich.
3092 3297 3543 3491 /: ab :/
2146 3437 3758 3628 Fauſt. /: auf dem Balkon :/
1679 3618 3754 3816 Die Sterne bergen Blick und Schein,
1679 3775 3781 3969 Das Feuer ſinkt und lodert klein;
1706 3938 3717 4119 Ein Schauerwindchen fächelts an,
1694 4055 3901 4259 Bringt Rauch und Dunſt zu mir heran.
1699 4242 3925 4430 Geboten ſchnell, zu ſchnell gethan! –
1720 4392 3819 4594 Was ſchwebet Schattenhaft heran?
