<?xml version="1.0" encoding="UTF-8"  standalone="yes"?>
<PcGts xmlns="http://schema.primaresearch.org/PAGE/gts/pagecontent/2019-07-15" xmlns:xsi="http://www.w3.org/2001/XMLSchema-instance" xsi:schemaLocation="http://schema.primaresearch.org/PAGE/gts/pagecontent/2019-07-15 http://schema.primaresearch.org/PAGE/gts/pagecontent/2019-07-15/pagecontent.xsd">
  <Metadata>
	<Creator>escriptorium</Creator>
	<Created>2023-07-08T12:30:05.697816+00:00</Created>
        <LastChange>2023-07-08T12:30:05.697829+00:00</LastChange>

  </Metadata>
  <Page imageFilename="391098_0184_0.jpg" imageWidth="4096" imageHeight="6144">

    
    <TextRegion id="eSc_textblock_55258990"  custom="structure {type:text;}">
      <Coords points="1525,778 3478,778 3764,791 3860,846 3846,1621 3956,2075 3956,2563 3846,2867 3846,2959 3928,3031 3956,3440 3901,4314 3942,5116 3901,5335 2768,5376 1351,5335 1392,4724 1324,4191 1419,2304 1406,1133 1460,832 1525,778"/>
      
      
      <TextLine id="eSc_line_25dd0642" custom="structure {type:default;}">
        <Coords points="1481,938 1699,948 1703,948 1706,948 1747,938 1819,921 1887,938 1925,945 1928,945 1931,945 1955,938 2000,921 2092,935 2112,938 2116,938 2143,935 2263,921 2594,935 3157,955 3160,955 3297,928 3310,928 3314,928 3355,955 3358,955 3362,955 3365,955 3515,938 3693,955 3696,955 3700,955 3703,955 3737,928 3819,928 3822,907 3812,822 3744,843 3686,822 3635,802 3631,802 3628,802 3539,819 3338,802 3334,802 3331,802 3328,802 3304,822 3269,849 3225,849 3174,822 3126,802 3123,802 3119,802 3116,802 3075,822 3031,849 2621,849 2577,826 2542,808 2539,808 2536,808 2532,808 2529,808 2508,826 2498,836 2307,846 2273,826 2225,795 2222,795 2218,795 2215,795 2211,795 2208,795 2174,815 2143,802 2140,802 2136,802 2133,802 2129,802 2088,826 2058,846 1897,846 1870,826 1836,805 1832,805 1829,805 1826,805 1822,805 1778,819 1751,795 1747,795 1744,795 1624,795 1621,795 1617,795 1553,829 1525,843 1488,829 1484,897 1481,938"/>
        <Baseline points="1484,897 3822,907"/>
        <TextEquiv>
          <Unicode>Wird man die urverworfnen Sünden</Unicode>
        </TextEquiv>
      </TextLine>

      
      
      <TextLine id="eSc_line_c56b73f8" custom="structure {type:default;}">
        <Coords points="1501,1071 1498,1140 1553,1140 1553,1136 1556,1136 1559,1136 1614,1095 1945,1095 2071,1122 2075,1122 2078,1122 2133,1099 2362,1099 2396,1129 2402,1136 2402,1140 2406,1140 2409,1140 2413,1143 2607,1143 2607,1140 2611,1140 2614,1140 2628,1129 2641,1116 2658,1129 2682,1140 2686,1140 2689,1140 2693,1140 2730,1126 2744,1122 2757,1126 2795,1143 2798,1143 2802,1146 3010,1146 3010,1143 3013,1143 3065,1122 3119,1105 3341,1112 3351,1122 3375,1143 3379,1143 3382,1143 3386,1143 3485,1119 3488,1085 3485,1010 3403,1010 3403,1006 3358,965 3358,962 3355,962 3351,962 3348,962 3242,983 3174,962 3170,962 3167,962 3164,962 3160,962 3089,1006 3085,1006 3075,1006 2887,962 2884,962 2880,962 2812,989 2778,962 2775,962 2771,962 2768,962 2553,1000 2536,1006 2406,1006 2399,1000 2348,976 2344,976 2341,976 2338,976 2334,976 2314,996 2235,959 2232,959 2228,959 2116,983 2030,959 2027,959 2024,959 2020,959 2017,959 1972,996 1962,1003 1792,1003 1781,996 1686,955 1682,955 1553,955 1549,955 1546,955 1542,955 1501,983 1501,1071"/>
        <Baseline points="1501,1071 2662,1064 3488,1085"/>
        <TextEquiv>
          <Unicode>Im mindeſten noch häßlich finden,</Unicode>
        </TextEquiv>
      </TextLine>

      
      
      <TextLine id="eSc_line_29d14384" custom="structure {type:default;}">
        <Coords points="1481,1242 1481,1266 1570,1300 1573,1300 1576,1300 1580,1300 1631,1273 1652,1290 1655,1290 1658,1290 1662,1290 1665,1290 1706,1276 1744,1303 1747,1303 1751,1303 1754,1303 1757,1303 1812,1273 2314,1266 2416,1314 2420,1314 2423,1314 2426,1314 2532,1283 2641,1314 2645,1314 2648,1314 2737,1310 2740,1310 2744,1310 2792,1269 2856,1310 2860,1310 2863,1310 2867,1314 2986,1314 2986,1310 3304,1262 3328,1283 3331,1283 3334,1283 3338,1283 3447,1276 3505,1307 3508,1307 3512,1310 3672,1310 3672,1307 3676,1307 3679,1307 3679,1303 3734,1259 3822,1259 3826,1228 3819,1150 3590,1126 3587,1126 3584,1126 3580,1126 3556,1146 3491,1129 3488,1129 3485,1129 3481,1129 3416,1157 3362,1177 3283,1163 3280,1163 3116,1181 3072,1160 3048,1150 3044,1150 3041,1150 3037,1150 3034,1150 3020,1163 2993,1184 2679,1184 2655,1167 2600,1133 2597,1133 2594,1133 2590,1133 2587,1133 2522,1170 2467,1133 2464,1133 2461,1133 2293,1133 2290,1133 2286,1133 2283,1133 2242,1160 2194,1143 2191,1143 2187,1143 2184,1143 2181,1143 2136,1177 2129,1184 2112,1177 2054,1157 2051,1157 2048,1157 2044,1157 2041,1157 2007,1181 1993,1191 1890,1191 1880,1181 1819,1136 1815,1136 1812,1136 1665,1136 1662,1136 1658,1136 1655,1136 1614,1170 1477,1187 1481,1242"/>
        <Baseline points="1481,1242 3826,1228"/>
        <TextEquiv>
          <Unicode>Wenn man dies Dreygethüm erblickt?</Unicode>
        </TextEquiv>
      </TextLine>

      
      
      <TextLine id="eSc_line_6aead73b" custom="structure {type:default;}">
        <Coords points="1491,1416 1491,1450 1805,1443 1819,1447 1860,1467 1863,1467 1867,1467 1870,1467 1873,1467 1897,1447 1904,1443 1979,1443 1986,1447 2054,1481 2058,1481 2061,1481 2273,1443 2334,1433 2348,1443 2389,1477 2392,1477 2396,1477 2399,1481 2471,1481 2471,1477 2474,1477 2478,1477 2522,1440 2536,1433 2570,1433 2587,1440 2652,1474 2655,1474 2658,1477 2730,1477 2730,1474 2734,1474 2737,1474 2788,1440 2798,1430 2891,1430 2949,1437 3201,1474 3205,1474 3382,1433 3386,1433 3566,1460 3570,1460 3778,1426 3778,1402 3775,1348 3645,1307 3642,1307 3638,1307 3635,1307 3505,1348 3502,1351 3399,1351 3375,1351 3307,1303 3304,1303 3300,1303 3205,1303 3201,1303 3198,1303 3061,1351 2979,1314 2976,1314 2867,1307 2863,1307 2860,1307 2856,1307 2795,1355 2669,1355 2573,1310 2570,1310 2566,1310 2563,1310 2560,1310 2501,1355 2501,1358 2481,1358 2269,1358 2205,1310 2201,1310 2198,1310 2194,1310 2191,1310 2187,1310 2129,1355 2041,1314 2037,1314 1897,1314 1894,1314 1890,1314 1887,1314 1836,1355 1785,1314 1781,1314 1778,1314 1658,1314 1655,1314 1652,1314 1488,1361 1491,1416"/>
        <Baseline points="1491,1416 3778,1402"/>
        <TextEquiv>
          <Unicode>Wir litten ſie nicht auf den Schwellen</Unicode>
        </TextEquiv>
      </TextLine>

      
      
      <TextLine id="eSc_line_7bc79bf4" custom="structure {type:default;}">
        <Coords points="1491,1607 1491,1638 1747,1665 1751,1665 1754,1665 1846,1634 1897,1617 1955,1631 1959,1631 1962,1631 1969,1631 2153,1614 2184,1628 2205,1638 2208,1638 2211,1638 2263,1628 2338,1611 2368,1624 2416,1652 2420,1652 2423,1652 2426,1652 2495,1624 2529,1607 2686,1607 2713,1621 2778,1652 2781,1652 2785,1652 2788,1652 2874,1617 2904,1607 3000,1617 3031,1617 3034,1617 3037,1617 3041,1617 3041,1614 3058,1600 3082,1614 3143,1645 3147,1645 3150,1648 3242,1648 3242,1645 3246,1645 3331,1611 3355,1600 3362,1611 3379,1624 3379,1628 3382,1628 3386,1628 3389,1628 3392,1628 3430,1614 3457,1634 3461,1634 3464,1634 3467,1634 3665,1604 3665,1576 3655,1501 3618,1505 3611,1501 3573,1474 3570,1474 3566,1474 3307,1474 3304,1474 3300,1474 3297,1474 3297,1477 3266,1508 3252,1508 3133,1522 3112,1512 3048,1477 3044,1477 3041,1477 2925,1491 2921,1491 2918,1491 2884,1518 2867,1529 2757,1529 2747,1518 2717,1495 2717,1491 2713,1491 2710,1491 2706,1491 2703,1491 2699,1491 2652,1522 2611,1484 2607,1484 2604,1484 2529,1484 2525,1484 2522,1484 2519,1484 2519,1488 2488,1515 2416,1488 2413,1488 2409,1488 2406,1488 2263,1532 2239,1536 2191,1532 2078,1522 2075,1522 1768,1542 1733,1542 1730,1542 1669,1498 1665,1498 1662,1498 1611,1498 1607,1498 1604,1498 1600,1498 1600,1501 1556,1542 1488,1546 1491,1607"/>
        <Baseline points="1491,1607 2464,1583 3665,1576"/>
        <TextEquiv>
          <Unicode>Der grauenvollſten unſrer Höllen.</Unicode>
        </TextEquiv>
      </TextLine>

      
      
      <TextLine id="eSc_line_3c9cbf09" custom="structure {type:default;}">
        <Coords points="1447,1764 1447,1836 1529,1832 1532,1832 1638,1785 1696,1802 1699,1802 1703,1802 1809,1781 1877,1805 1880,1805 1884,1805 1952,1798 1986,1819 1996,1829 2000,1829 2003,1829 2007,1832 2123,1832 2123,1829 2126,1829 2170,1815 2263,1785 2375,1798 2379,1798 2382,1798 2447,1774 2676,1774 2723,1798 2727,1798 2730,1798 2734,1798 2757,1795 2829,1785 2850,1792 2911,1819 2914,1819 2918,1822 3140,1822 3140,1819 3143,1819 3297,1778 3317,1774 3334,1778 3379,1792 3382,1792 3386,1792 3389,1792 3392,1792 3416,1774 3430,1768 3495,1771 3669,1788 3672,1788 3676,1788 3717,1764 3723,1764 3819,1764 3822,1740 3816,1641 3584,1641 3580,1641 3577,1641 3573,1641 3566,1648 3522,1672 3450,1652 3447,1652 3444,1652 3440,1652 3437,1652 3382,1693 3345,1693 3290,1655 3276,1645 3273,1645 3269,1645 3266,1645 3123,1658 3089,1662 3072,1662 2966,1648 2962,1648 2959,1648 2955,1648 2935,1665 2897,1693 2829,1669 2781,1652 2778,1652 2775,1652 2771,1652 2734,1672 2693,1693 2662,1672 2658,1669 2655,1669 2652,1669 2648,1669 2645,1669 2641,1669 2641,1672 2638,1672 2611,1699 2515,1699 2467,1679 2413,1658 2409,1658 2406,1658 2402,1658 2324,1682 2280,1696 2245,1686 2225,1679 2222,1679 2218,1679 2215,1679 2198,1686 2167,1703 1890,1703 1873,1696 1829,1669 1826,1669 1822,1669 1819,1669 1815,1669 1812,1669 1812,1672 1781,1699 1771,1710 1693,1710 1682,1699 1638,1662 1634,1662 1631,1662 1576,1662 1573,1662 1570,1662 1566,1662 1508,1706 1505,1710 1443,1710 1447,1764"/>
        <Baseline points="1447,1764 3822,1740"/>
        <TextEquiv>
          <Unicode>Hier wurzelt’s in der Schönheit Land,</Unicode>
        </TextEquiv>
      </TextLine>

      
      
      <TextLine id="eSc_line_421d85d4" custom="structure {type:default;}">
        <Coords points="1443,1928 1443,1966 1631,1949 1785,1962 1832,1966 1836,1966 1877,1962 1993,1945 2133,1959 2198,1962 2201,1962 2235,1955 2300,1942 2491,1952 2618,1959 2621,1959 2624,1959 2645,1949 2669,1938 2853,1949 3027,1955 3031,1955 3109,1945 3160,1935 3174,1942 3184,1952 3188,1952 3191,1952 3194,1952 3833,1931 3833,1908 3822,1856 3723,1856 3720,1856 3679,1819 3676,1819 3672,1819 3669,1819 3665,1819 3597,1856 3590,1856 3426,1836 3423,1836 3420,1836 3338,1860 3328,1860 3314,1860 3027,1819 3024,1819 2819,1863 2816,1863 2751,1829 2747,1829 2744,1829 2740,1829 2676,1853 2600,1826 2597,1826 2300,1826 2297,1826 2293,1826 2290,1826 2228,1870 2222,1873 2095,1873 2092,1870 2044,1832 2041,1832 2037,1832 2034,1832 2030,1832 2027,1832 1979,1870 1976,1873 1751,1873 1747,1873 1703,1836 1699,1836 1696,1836 1573,1832 1570,1832 1566,1832 1563,1832 1508,1873 1508,1877 1440,1877 1443,1928"/>
        <Baseline points="1443,1928 3833,1908"/>
        <TextEquiv>
          <Unicode>Das wird mit Ruhm antik genannt....</Unicode>
        </TextEquiv>
      </TextLine>

      
      
      <TextLine id="eSc_line_b395e991" custom="structure {type:default;}">
        <Coords points="1457,2095 1457,2123 1631,2123 1713,2170 1716,2170 1720,2170 1723,2174 1829,2174 1829,2170 1832,2170 1836,2170 1911,2119 1921,2112 2027,2112 2044,2119 2112,2164 2116,2164 2119,2164 2123,2164 2307,2160 2310,2160 2314,2160 2375,2119 2399,2106 2423,2119 2498,2157 2501,2157 2505,2157 2618,2153 2621,2153 2624,2153 2669,2119 2672,2116 2792,2099 2928,2112 2932,2112 3010,2095 3072,2119 3143,2146 3147,2146 3150,2146 3153,2146 3235,2123 3293,2143 3297,2143 3300,2143 3304,2143 3307,2143 3345,2119 3365,2106 3413,2119 3491,2140 3495,2140 3498,2140 3502,2140 3505,2140 3536,2119 3587,2085 3730,2095 3758,2119 3778,2133 3781,2133 3785,2133 3788,2133 3908,2116 3908,2051 3898,1983 3771,1993 3751,1986 3669,1945 3665,1945 3662,1945 3502,1962 3348,1949 3345,1949 3341,1949 3239,1996 3225,2007 2833,2010 2826,2007 2761,1962 2757,1962 2754,1962 2689,1962 2686,1962 2682,1962 2587,2013 2580,2017 2577,2013 2474,1966 2471,1966 2467,1966 2464,1966 2461,1966 2396,2017 2389,2024 2317,2024 2314,2020 2194,1972 2191,1972 2187,1972 2184,1972 2143,1993 2102,1976 2099,1976 2095,1976 2092,1976 2088,1976 2020,2027 2017,2027 1925,2013 1921,2013 1737,2030 1658,1979 1655,1979 1652,1979 1648,1979 1508,1996 1505,1996 1501,1996 1454,2030 1457,2095"/>
        <Baseline points="1457,2095 3908,2051"/>
        <TextEquiv>
          <Unicode>Sie regen ſich, ſie ſcheinen mich zu ſpüren,</Unicode>
        </TextEquiv>
      </TextLine>

      
      
      <TextLine id="eSc_line_35dac672" custom="structure {type:default;}">
        <Coords points="1437,2263 1437,2300 1559,2355 1563,2355 1566,2358 1672,2358 1672,2355 1675,2355 1679,2355 1740,2317 1792,2317 1853,2351 1856,2351 1860,2351 1863,2351 1986,2348 1989,2348 1993,2348 2054,2307 2259,2344 2263,2344 2266,2344 2426,2293 2437,2290 2443,2293 2505,2331 2508,2331 2512,2331 2560,2338 2563,2338 2566,2338 2570,2338 2618,2307 2679,2341 2682,2341 2686,2341 2850,2338 2853,2338 2856,2338 2928,2290 2942,2280 3450,2276 3474,2283 3498,2293 3502,2293 3505,2293 3508,2293 3539,2283 3563,2276 3580,2283 3676,2327 3679,2327 3682,2327 3921,2280 3925,2239 3918,2170 3870,2170 3863,2170 3792,2123 3788,2123 3785,2123 3676,2123 3672,2123 3669,2123 3560,2157 3502,2133 3498,2133 3495,2133 3491,2133 3488,2133 3420,2174 3413,2181 3215,2181 3211,2177 3123,2143 3119,2143 2938,2133 2935,2133 2932,2133 2928,2133 2877,2167 2819,2146 2816,2146 2812,2146 2809,2146 2747,2167 2696,2140 2693,2140 2689,2140 2686,2140 2597,2177 2478,2140 2474,2140 2471,2140 2467,2140 2379,2187 2372,2191 2358,2187 2269,2170 2266,2170 2263,2170 2187,2191 2167,2194 2150,2191 2061,2170 2058,2170 2054,2170 2013,2194 2010,2194 1952,2164 1949,2164 1945,2164 1942,2164 1938,2164 1894,2194 1887,2201 1716,2201 1706,2198 1556,2153 1553,2153 1549,2153 1546,2153 1433,2194 1437,2263"/>
        <Baseline points="1437,2263 3481,2232 3925,2239"/>
        <TextEquiv>
          <Unicode>Sie zwitſchern pfeipfend, Fledermaus=Vampyren.</Unicode>
        </TextEquiv>
      </TextLine>

      
      
      <TextLine id="eSc_line_059f2af5" >
        <Coords points="2211,2416 2211,2493 2657,2457 2657,2416 2657,2298 2611,2283 2606,2283 2600,2283 2595,2283 2544,2309 2529,2319 2524,2309 2478,2273 2478,2268 2472,2268 2467,2268 2385,2268 2380,2268 2375,2268 2211,2324 2211,2416"/>
        <Baseline points="2212,2420 2661,2419"/>
        <TextEquiv>
          <Unicode>Phork.</Unicode>
        </TextEquiv>
      </TextLine>

      
      
      <TextLine id="eSc_line_3bfd9422" custom="structure {type:default;}">
        <Coords points="1423,2560 1423,2638 1515,2638 1515,2635 1518,2635 1522,2635 1658,2583 1925,2614 1928,2614 1931,2614 1935,2614 1976,2583 2078,2597 2082,2597 2085,2597 2129,2580 2235,2580 2276,2604 2280,2604 2283,2604 2286,2604 2290,2604 2348,2590 2372,2611 2379,2618 2382,2618 2385,2618 2389,2618 2392,2618 2406,2611 2443,2590 2478,2607 2519,2631 2522,2631 2525,2631 2723,2628 2727,2628 2771,2604 2819,2628 2822,2628 2826,2628 2829,2628 2891,2597 2935,2577 2986,2594 3020,2607 3024,2607 3027,2607 3031,2607 3068,2594 3102,2580 3119,2590 3147,2614 3150,2614 3153,2614 3157,2614 3160,2614 3211,2590 3215,2587 3218,2590 3283,2628 3287,2628 3290,2628 3293,2628 3392,2621 3396,2621 3399,2621 3450,2583 3461,2573 3515,2573 3532,2580 3577,2604 3580,2604 3584,2604 3587,2604 3645,2580 3761,2624 3764,2624 3768,2624 3771,2624 3921,2570 3921,2546 3908,2467 3840,2488 3802,2467 3768,2450 3764,2450 3457,2450 3454,2450 3450,2450 3403,2474 3368,2488 3300,2474 3259,2467 3256,2467 3181,2478 3065,2491 3044,2478 3017,2454 3013,2454 3010,2454 2932,2454 2928,2454 2925,2454 2921,2454 2891,2481 2874,2495 2785,2495 2764,2481 2730,2464 2727,2464 2723,2464 2720,2464 2717,2464 2696,2481 2682,2495 2484,2495 2471,2484 2437,2457 2433,2457 2430,2457 2321,2457 2317,2457 2157,2491 2129,2495 2123,2491 2078,2457 2075,2457 2071,2457 2068,2457 2065,2457 2061,2457 2017,2491 2013,2495 2010,2491 1989,2478 1986,2478 1983,2478 1979,2478 1976,2478 1972,2478 1952,2491 1942,2501 1839,2501 1826,2495 1761,2467 1757,2467 1754,2467 1751,2467 1747,2467 1727,2484 1703,2467 1703,2464 1699,2464 1696,2464 1693,2464 1689,2464 1634,2484 1553,2461 1549,2461 1546,2461 1542,2461 1539,2461 1491,2495 1419,2498 1423,2560"/>
        <Baseline points="1423,2560 3921,2546"/>
        <TextEquiv>
          <Unicode>Gebt mir das Auge, Schweſtern, daß es frage,</Unicode>
        </TextEquiv>
      </TextLine>

      
      
      <TextLine id="eSc_line_444f418d" custom="structure {type:default;}">
        <Coords points="1437,2727 1440,2771 1505,2754 1539,2771 1614,2805 1617,2805 1621,2805 1904,2802 1908,2802 1911,2802 1979,2761 2003,2747 2054,2757 2228,2795 2232,2795 2235,2795 2239,2795 2293,2754 2307,2740 2478,2740 2498,2747 2607,2792 2611,2792 2614,2792 2618,2792 2706,2744 2717,2737 2771,2740 2870,2751 2874,2751 2877,2751 2928,2737 2949,2734 2959,2737 3078,2785 3082,2785 3085,2785 3089,2785 3239,2734 3396,2727 3430,2727 3433,2727 3498,2778 3502,2778 3505,2778 3508,2781 3556,2781 3556,2778 3795,2717 3795,2693 3785,2635 3577,2638 3570,2638 3532,2621 3529,2621 3525,2621 3444,2638 3426,2641 3423,2638 3365,2600 3362,2600 3358,2600 3355,2600 3351,2600 3348,2600 3304,2641 3297,2648 3109,2648 3106,2645 3034,2607 3031,2607 2955,2607 2952,2607 2949,2607 2897,2635 2757,2611 2754,2611 2751,2611 2747,2611 2693,2652 2686,2655 2600,2655 2594,2652 2549,2618 2546,2618 2542,2618 2539,2618 2536,2618 2532,2618 2481,2655 2474,2658 2222,2658 2218,2658 2146,2621 2143,2621 1908,2621 1904,2621 1901,2621 1761,2665 1757,2665 1672,2624 1669,2624 1665,2624 1433,2669 1437,2727"/>
        <Baseline points="1437,2727 3795,2693"/>
        <TextEquiv>
          <Unicode>Wer ſich ſo nah an unſre Tempel wage.</Unicode>
        </TextEquiv>
      </TextLine>

      
      
      <TextLine id="eSc_line_496eb706" custom="structure {type:default;}">
        <Coords points="2257,2913 2257,2984 2529,2995 2534,2995 2539,2995 2631,2954 2631,2892 2616,2785 2247,2800 2257,2913"/>
        <Baseline points="2259,2914 2636,2897"/>
        <TextEquiv>
          <Unicode>Meph.</Unicode>
        </TextEquiv>
      </TextLine>

      
      
      <TextLine id="eSc_line_7298ca7f" custom="structure {type:default;}">
        <Coords points="2423,2942 2420,2938 2420,2938 2416,2938 2413,2938 2409,2938 2362,2962 2358,2962 2297,2949 2293,2949 2290,2949 2228,2966 2160,2983 2136,2966 2082,2932 2078,2932 2075,2932 2071,2932 2068,2932 2065,2932 2017,2962 1969,2938 1966,2938 1962,2938 1959,2938 1908,2959 1873,2932 1870,2932 1867,2932 1863,2932 1860,2932 1781,2973 1720,2935 1716,2935 1713,2935 1525,2935 1522,2935 1518,2935 1515,2935 1460,2979 1447,2990 1399,2983 1402,3048 1402,3072 1430,3092 1433,3092 1437,3092 1440,3092 1443,3092 1508,3072 1563,3099 1566,3099 1570,3099 1573,3099 1658,3072 1733,3095 1737,3095 1740,3095 1744,3095 1747,3095 1747,3092 1771,3072 1802,3085 1805,3085 1809,3085 1812,3085 1856,3068 1942,3099 1945,3099 1949,3099 1952,3099 2106,3058 2109,3058 2225,3089 2228,3089 2232,3089 2409,3058 2614,3058 2662,3078 2665,3078 2669,3078 2891,3051 2894,3051 3017,3095 3020,3095 3024,3095 3188,3092 3191,3092 3249,3061 3321,3092 3324,3092 3328,3095 3437,3095 3437,3092 3440,3092 3563,3054 3628,3068 3631,3068 3775,3041 3778,3024 3764,2935 3700,2969 3553,2949 3549,2949 3546,2949 3543,2949 3515,2973 3389,2973 3341,2942 3307,2918 3304,2918 3300,2918 3297,2918 3191,2935 3095,2918 3092,2918 3089,2918 3027,2949 2973,2979 2751,2979 2682,2955 2621,2935 2618,2935 2614,2935 2611,2935 2607,2935 2570,2959 2529,2983 2481,2983 2454,2962 2426,2942 2423,2942"/>
        <Baseline points="1402,3048 3778,3024"/>
        <TextEquiv>
          <Unicode>Verehrteſte! Erlaubt mir euch zu nahen</Unicode>
        </TextEquiv>
      </TextLine>

      
      
      <TextLine id="eSc_line_38ed264d" custom="structure {type:default;}">
        <Coords points="1416,3194 1416,3215 1693,3211 1706,3218 1740,3235 1744,3235 1747,3235 1751,3235 1802,3218 1819,3211 2129,3211 2143,3218 2198,3256 2201,3256 2205,3256 2208,3259 2314,3259 2314,3256 2317,3256 2321,3256 2368,3218 2375,3211 2454,3211 2594,3211 2607,3218 2655,3256 2658,3256 2662,3256 2665,3256 2833,3229 2884,3256 2887,3256 2891,3259 3143,3259 3143,3256 3147,3256 3239,3218 3256,3211 3273,3218 3355,3256 3358,3256 3362,3256 3566,3222 3611,3256 3614,3256 3618,3256 3621,3259 3689,3259 3689,3256 3693,3256 3758,3218 3764,3218 3904,3218 3911,3188 3904,3123 3843,3133 3795,3123 3655,3089 3652,3089 3648,3089 3645,3089 3594,3123 3590,3126 3140,3133 3119,3126 3017,3089 3013,3089 2911,3089 2908,3089 2904,3089 2901,3089 2836,3130 2829,3133 2822,3130 2788,3112 2785,3112 2781,3112 2778,3112 2723,3130 2641,3089 2638,3089 2635,3089 2631,3089 2628,3089 2577,3126 2546,3109 2542,3109 2539,3109 2536,3109 2495,3133 2491,3133 2484,3133 2334,3089 2331,3089 2140,3089 2136,3089 2133,3089 2129,3089 2058,3136 1761,3136 1723,3106 1720,3106 1716,3106 1713,3106 1710,3106 1665,3126 1594,3092 1590,3092 1501,3089 1498,3089 1495,3089 1413,3133 1416,3194"/>
        <Baseline points="1416,3194 2392,3181 3911,3188"/>
        <TextEquiv>
          <Unicode>Und euren Seegen dreyfach zu empfahen.</Unicode>
        </TextEquiv>
      </TextLine>

      
      
      <TextLine id="eSc_line_f4ea577c" custom="structure {type:default;}">
        <Coords points="1430,3338 1430,3396 1556,3396 1556,3392 1559,3392 1563,3392 1628,3355 1662,3382 1665,3382 1669,3382 1672,3382 1795,3358 1829,3375 1832,3375 1836,3375 2102,3355 2136,3382 2150,3396 2153,3396 2157,3396 2160,3399 2276,3399 2276,3396 2280,3396 2317,3379 2338,3372 2348,3379 2355,3386 2358,3386 2362,3386 2365,3386 2368,3386 2385,3379 2437,3358 2566,3358 2594,3375 2621,3396 2624,3396 2628,3396 2631,3399 2775,3399 2775,3396 2778,3396 2781,3396 2809,3372 2826,3362 3031,3368 3205,3375 3208,3375 3211,3375 3235,3365 3256,3358 3310,3365 3525,3396 3529,3396 3737,3368 3771,3386 3775,3386 3778,3386 3781,3386 3887,3355 3891,3345 3887,3276 3700,3259 3696,3259 3693,3259 3689,3259 3672,3276 3665,3283 3508,3283 3498,3276 3444,3249 3440,3249 3437,3249 3433,3249 3430,3249 3392,3276 3386,3280 3382,3276 3338,3252 3334,3252 3331,3252 3229,3276 3211,3280 3205,3276 3174,3252 3170,3252 3167,3252 3164,3252 3099,3266 3061,3249 3058,3249 3054,3249 3051,3249 2966,3276 2952,3280 2938,3276 2860,3252 2856,3252 2853,3252 2850,3252 2798,3276 2792,3283 2682,3283 2676,3276 2618,3249 2614,3249 2611,3249 2607,3249 2604,3249 2566,3276 2560,3280 2495,3276 2218,3263 2215,3263 2211,3263 2174,3276 2167,3280 2146,3276 1914,3246 1911,3246 1908,3246 1805,3276 1764,3246 1761,3246 1757,3246 1498,3246 1495,3246 1491,3246 1430,3273 1430,3338"/>
        <Baseline points="1430,3338 2778,3331 3891,3345"/>
        <TextEquiv>
          <Unicode>Ich trete vor, zwar noch als Unbekannter</Unicode>
        </TextEquiv>
      </TextLine>

      
      
      <TextLine id="eSc_line_7aceeb2a" custom="structure {type:default;}">
        <Coords points="1409,3478 1406,3491 1515,3546 1518,3546 1522,3549 1655,3549 1655,3546 1658,3546 1662,3546 1740,3498 1771,3515 1774,3515 1778,3515 1781,3515 1805,3502 1867,3549 1870,3549 1873,3549 1877,3553 2030,3553 2030,3549 2034,3549 2082,3522 2112,3549 2116,3549 2119,3549 2123,3553 2184,3553 2184,3549 2187,3549 2191,3549 2239,3512 2273,3539 2276,3539 2280,3539 2283,3539 2286,3539 2341,3512 2495,3532 2498,3532 2583,3515 2631,3505 2648,3515 2658,3525 2662,3525 2665,3525 2669,3525 2730,3522 2775,3556 2778,3556 2781,3556 2785,3560 2949,3560 2949,3556 2952,3556 3020,3522 3044,3512 3532,3529 3536,3529 3689,3515 3911,3539 3918,3498 3918,3430 3734,3406 3730,3406 3727,3406 3723,3406 3696,3426 3676,3444 3536,3444 3502,3426 3440,3403 3437,3403 3290,3403 3287,3403 3283,3403 3280,3403 3246,3426 3232,3437 3089,3437 3037,3426 2925,3399 2921,3399 2918,3399 2914,3399 2870,3426 2853,3437 2788,3437 2778,3426 2747,3399 2744,3399 2740,3399 2631,3396 2628,3396 2624,3396 2553,3423 2536,3433 2362,3433 2351,3423 2321,3403 2317,3403 2314,3403 2310,3403 2307,3403 2249,3423 2239,3426 2208,3423 2048,3403 2044,3403 2041,3403 2037,3403 2010,3423 2003,3430 1832,3430 1764,3426 1761,3423 1727,3392 1723,3392 1720,3392 1716,3392 1713,3392 1655,3406 1594,3389 1590,3389 1587,3389 1583,3389 1488,3423 1481,3423 1409,3423 1409,3478"/>
        <Baseline points="1409,3478 3918,3498"/>
        <TextEquiv>
          <Unicode>Doch, irr’ ich nicht, weitläufiger Verwandter.</Unicode>
        </TextEquiv>
      </TextLine>

      
      
      <TextLine id="eSc_line_ec5e5f17" custom="structure {type:default;}">
        <Coords points="1396,3659 1396,3686 1559,3700 1563,3700 1624,3686 1669,3679 1699,3686 1751,3703 1754,3703 1757,3703 1761,3703 1792,3686 1795,3686 1884,3730 1887,3730 1890,3730 2048,3727 2051,3727 2136,3686 2160,3676 2194,3686 2252,3706 2256,3706 2259,3706 2263,3706 2327,3686 2355,3679 2368,3686 2406,3710 2409,3710 2413,3710 2416,3710 2420,3710 2423,3710 2450,3686 2454,3686 2464,3686 2563,3700 2566,3700 2570,3700 2597,3686 2628,3672 2645,3686 2652,3693 2655,3693 2658,3693 2662,3693 2665,3693 2693,3686 2723,3679 2740,3686 2812,3723 2816,3723 2819,3727 2921,3727 2921,3723 2925,3723 2928,3723 2955,3703 2983,3723 2986,3723 2990,3723 2993,3727 3068,3727 3068,3723 3072,3723 3075,3723 3133,3686 3143,3679 3205,3686 3215,3686 3218,3686 3222,3686 3225,3686 3246,3669 3495,3676 3505,3686 3549,3720 3553,3720 3556,3720 3560,3723 3706,3723 3706,3720 3710,3720 3768,3686 3768,3645 3764,3584 3689,3549 3686,3549 3584,3549 3580,3549 3577,3549 3573,3549 3546,3566 3515,3553 3512,3553 3508,3553 3505,3553 3502,3553 3461,3587 3450,3594 3266,3594 3249,3587 3130,3553 3126,3553 3123,3553 3119,3553 3116,3553 3075,3587 3068,3597 2935,3597 2928,3590 2894,3560 2891,3560 2887,3560 2717,3553 2713,3553 2710,3553 2587,3594 2573,3597 2563,3594 2508,3566 2505,3566 2501,3566 2420,3584 2372,3560 2368,3560 2365,3560 2362,3560 2358,3560 2331,3580 2276,3570 2273,3570 2136,3597 2126,3597 2123,3597 2048,3556 2044,3556 2041,3556 2037,3556 2034,3556 1966,3597 1955,3604 1764,3604 1757,3601 1686,3560 1682,3560 1522,3560 1518,3560 1515,3560 1512,3560 1460,3601 1460,3604 1392,3604 1396,3659"/>
        <Baseline points="1396,3659 3768,3645"/>
        <TextEquiv>
          <Unicode>Altwürdige Götter hab’ ich ſchon erblickt,</Unicode>
        </TextEquiv>
      </TextLine>

      
      
      <TextLine id="eSc_line_ca6bf172" custom="structure {type:default;}">
        <Coords points="1419,3822 1419,3846 1474,3867 1477,3867 1481,3867 1614,3850 1621,3850 1624,3850 1744,3891 1747,3891 1751,3891 1863,3887 1867,3887 1931,3853 1935,3853 1962,3853 2119,3863 2123,3863 2126,3863 2129,3863 2140,3857 2150,3846 2167,3857 2228,3887 2232,3887 2235,3891 2314,3891 2314,3887 2317,3887 2321,3887 2362,3857 2379,3846 2447,3843 2549,3850 2563,3860 2594,3887 2597,3887 2600,3887 2604,3887 2822,3863 3044,3840 3167,3843 3208,3867 3229,3880 3232,3880 3235,3880 3239,3880 3242,3880 3266,3870 3317,3840 3594,3850 3621,3874 3631,3884 3635,3884 3638,3884 3642,3884 3843,3874 3846,3812 3840,3734 3723,3713 3720,3713 3624,3734 3597,3741 3573,3737 3549,3730 3546,3730 3543,3730 3539,3730 3536,3730 3529,3737 3512,3754 3355,3754 3338,3737 3328,3730 3324,3730 3321,3730 3317,3730 3269,3741 3215,3751 3194,3741 3136,3710 3133,3710 3061,3710 3058,3710 3054,3710 2976,3744 2969,3747 2962,3744 2904,3713 2901,3713 2897,3713 2894,3713 2764,3747 2730,3754 2717,3747 2652,3713 2648,3713 2645,3713 2641,3713 2638,3713 2587,3747 2573,3758 2437,3758 2423,3751 2324,3713 2321,3713 2317,3713 2314,3713 2310,3713 2263,3744 2208,3727 2205,3727 2201,3727 2198,3727 2146,3754 2136,3761 1904,3761 1897,3758 1815,3727 1812,3727 1563,3717 1559,3717 1556,3717 1416,3761 1419,3822"/>
        <Baseline points="1419,3822 3846,3812"/>
        <TextEquiv>
          <Unicode>Vor Ops und Rhea tiefſtens mich gebückt,</Unicode>
        </TextEquiv>
      </TextLine>

      
      
      <TextLine id="eSc_line_8b743772" custom="structure {type:default;}">
        <Coords points="3911,3904 3816,3863 3812,3863 3809,3863 3805,3863 3802,3863 3744,3908 3741,3911 3706,3911 3703,3908 3655,3867 3652,3867 3648,3867 3543,3867 3539,3867 3536,3867 3532,3867 3474,3904 3382,3908 3304,3915 3034,3915 3027,3908 2962,3870 2959,3870 2955,3870 2887,3870 2884,3870 2880,3870 2877,3870 2819,3904 2775,3880 2771,3880 2768,3880 2764,3880 2761,3880 2734,3901 2699,3874 2696,3874 2693,3874 2689,3874 2686,3874 2600,3908 2556,3874 2553,3874 2549,3874 2546,3874 2461,3891 2406,3874 2402,3874 2399,3874 2239,3898 2201,3880 2198,3880 2194,3880 2191,3880 2126,3911 2112,3918 1942,3918 1931,3911 1873,3880 1870,3880 1795,3880 1792,3880 1788,3880 1723,3911 1706,3921 1689,3911 1631,3880 1628,3880 1566,3880 1563,3880 1559,3880 1498,3911 1481,3921 1402,3915 1406,3986 1406,4010 1546,4007 1559,4014 1624,4055 1628,4055 1631,4055 1634,4058 1713,4058 1713,4055 1716,4055 1720,4055 1778,4017 1785,4010 1887,4003 1925,4017 1996,4048 2000,4048 2160,4051 2164,4051 2167,4051 2170,4051 2218,4020 2249,4003 2344,4003 2379,4024 2406,4041 2409,4041 2413,4041 2416,4041 2505,4024 2621,4000 2658,4024 2689,4048 2693,4048 2696,4048 2699,4051 2816,4051 2816,4048 2819,4048 2822,4048 2850,4027 2897,3997 3027,4003 3054,4031 3072,4044 3075,4044 3078,4044 3082,4048 3188,4048 3188,4044 3191,4044 3215,4031 3280,3993 3362,3993 3433,4034 3447,4041 3450,4041 3454,4044 3505,4044 3505,4041 3508,4041 3522,4034 3604,3993 3706,4017 3710,4017 3713,4017 3761,3993 3908,4037 3918,3966 3915,3932 3911,3904"/>
        <Baseline points="1406,3986 2522,3966 3918,3966"/>
        <TextEquiv>
          <Unicode>Die Parzen ſelbſt, des Chaos, Eure Schweſtern,</Unicode>
        </TextEquiv>
      </TextLine>

      
      
      <TextLine id="eSc_line_d21bcfe2" custom="structure {type:default;}">
        <Coords points="1416,4126 1416,4205 1617,4205 1617,4201 1621,4201 1624,4201 1628,4198 1641,4188 1652,4198 1655,4201 1658,4201 1662,4201 1665,4205 1843,4205 1843,4201 1846,4201 1850,4201 1860,4194 1921,4154 1993,4150 2061,4188 2078,4198 2082,4198 2085,4198 2088,4198 2092,4198 2109,4188 2136,4171 2164,4188 2194,4201 2198,4201 2201,4201 2205,4201 2208,4201 2228,4184 2252,4167 2331,4181 2348,4184 2351,4184 2355,4184 2365,4181 2454,4150 2959,4150 2993,4167 3061,4201 3065,4201 3068,4205 3297,4205 3297,4201 3519,4157 3553,4150 3846,4150 3846,4126 3840,4044 3771,4075 3669,4075 3635,4044 3628,4037 3624,4037 3621,4037 3618,4037 3584,4044 3467,4072 3348,4044 3307,4037 3304,4037 3222,4041 3218,4041 3215,4041 3211,4048 3174,4075 2973,4075 2938,4048 2928,4037 2925,4037 2921,4037 2918,4037 2914,4037 2880,4048 2795,4075 2607,4075 2570,4055 2566,4055 2563,4055 2447,4072 2420,4048 2406,4037 2402,4037 2399,4037 2307,4037 2304,4037 2300,4037 2297,4037 2280,4051 2245,4075 2034,4075 2007,4051 1993,4037 1989,4037 1986,4037 1983,4037 1850,4051 1781,4058 1764,4051 1733,4037 1730,4037 1727,4037 1723,4037 1720,4037 1699,4051 1682,4065 1628,4051 1563,4037 1559,4037 1416,4051 1416,4126"/>
        <Baseline points="1416,4126 3846,4126"/>
        <TextEquiv>
          <Unicode>Ich ſah ſie geſtern – oder ehegeſtern;</Unicode>
        </TextEquiv>
      </TextLine>

      
      
      <TextLine id="eSc_line_36bdb71c" custom="structure {type:default;}">
        <Coords points="1397,4275 1397,4316 1873,4321 1971,4382 1976,4382 1981,4382 1986,4387 2114,4387 2114,4382 2119,4382 2124,4382 2191,4336 2252,4382 2257,4382 2263,4382 2268,4387 2616,4387 2616,4382 2621,4382 2626,4382 2688,4331 2713,4311 2867,4311 2892,4331 2908,4341 2908,4346 2913,4346 2918,4346 2923,4346 2928,4346 2933,4346 2949,4331 2979,4311 3097,4336 3118,4336 3123,4336 3128,4336 3133,4336 3133,4331 3159,4311 3271,4336 3281,4336 3287,4336 3297,4336 3409,4311 3450,4336 3517,4382 3522,4382 3527,4382 3532,4387 3676,4387 3676,4382 3681,4382 3686,4382 3737,4346 3737,4275 3737,4193 3430,4167 3425,4167 3420,4167 3415,4167 3374,4193 3353,4208 2938,4208 2923,4198 2892,4167 2887,4167 2882,4167 2595,4167 2590,4167 2585,4167 2580,4167 2544,4198 2534,4203 2472,4198 2186,4172 2181,4172 2176,4172 2170,4172 2140,4203 2135,4208 1920,4208 1914,4203 1863,4167 1858,4167 1853,4167 1848,4167 1843,4167 1838,4167 1792,4203 1786,4208 1633,4208 1633,4203 1561,4167 1556,4167 1551,4167 1546,4167 1541,4167 1541,4172 1505,4203 1505,4208 1397,4208 1397,4275"/>
        <Baseline points="1402,4280 3740,4277"/>
        <TextEquiv>
          <Unicode>Doch eures Gleichen hab’ ich nie erblickt,</Unicode>
        </TextEquiv>
      </TextLine>

      
      
      <TextLine id="eSc_line_b0dc290e" custom="structure {type:default;}">
        <Coords points="1438,4413 1433,4495 1699,4520 1704,4520 1710,4520 1715,4520 1745,4500 1792,4469 1827,4500 1853,4520 1858,4520 1863,4520 1868,4526 1981,4526 1981,4520 1986,4520 1991,4520 1991,4515 2012,4500 2053,4464 2519,4464 2585,4500 2616,4526 2621,4526 2626,4526 2631,4531 2816,4531 2816,4526 2821,4526 2826,4526 2826,4520 2846,4505 2887,4469 3000,4469 3061,4505 3092,4526 3097,4526 3102,4526 3107,4531 3189,4531 3189,4526 3194,4526 3200,4526 3225,4505 3281,4469 3363,4505 3415,4526 3420,4526 3425,4526 3430,4526 3481,4505 3563,4474 3604,4505 3624,4526 3630,4526 3635,4526 3640,4526 3809,4505 3814,4423 3809,4305 3701,4305 3696,4305 3691,4305 3686,4305 3686,4311 3645,4346 3240,4321 3235,4321 3230,4321 3123,4346 2964,4311 2933,4305 2734,4305 2728,4305 2723,4305 2703,4311 2616,4341 2447,4316 2380,4305 2375,4305 2370,4305 2344,4316 2273,4346 1853,4346 1812,4321 1781,4300 1776,4300 1771,4300 1766,4300 1438,4321 1438,4413"/>
        <Baseline points="1440,4416 3816,4427"/>
        <TextEquiv>
          <Unicode>Ich ſchweige nun und fühle mich entzückt.</Unicode>
        </TextEquiv>
      </TextLine>

      
      
      <TextLine id="eSc_line_ced01d3f" custom="structure {type:default;}">
        <Coords points="2135,4567 2135,4623 2452,4648 2457,4648 2785,4613 2790,4556 2785,4459 2728,4428 2723,4428 2718,4428 2713,4428 2708,4428 2708,4433 2672,4464 2662,4480 2611,4480 2595,4469 2554,4439 2549,4439 2544,4439 2539,4439 2534,4439 2421,4474 2411,4480 2406,4474 2365,4439 2365,4433 2360,4433 2355,4433 2237,4433 2232,4433 2227,4433 2129,4480 2135,4567"/>
        <Baseline points="2136,4570 2792,4560"/>
        <TextEquiv>
          <Unicode>Phorkyad.</Unicode>
        </TextEquiv>
      </TextLine>

      
      
      <TextLine id="eSc_line_5a300bc9" custom="structure {type:default;}">
        <Coords points="1448,4700 1448,4782 1720,4776 1725,4776 1848,4736 1955,4736 2007,4776 2012,4776 2017,4776 2022,4776 2027,4776 2114,4736 2385,4741 2421,4776 2426,4776 2432,4776 2437,4782 2570,4782 2570,4776 2575,4776 2580,4776 2631,4741 2764,4776 2769,4776 2775,4776 2780,4776 2785,4776 2790,4776 2846,4736 3189,4736 3240,4771 3240,4776 3246,4776 3251,4776 3256,4776 3287,4771 3415,4746 3543,4771 3584,4776 3589,4776 3594,4776 3599,4776 3604,4771 3650,4741 3845,4766 3855,4705 3845,4592 3496,4613 3476,4597 3450,4572 3450,4567 3445,4567 3440,4567 3343,4567 3338,4567 3333,4567 3230,4597 3174,4618 2928,4618 2897,4602 2836,4582 2831,4582 2826,4582 2821,4582 2816,4582 2816,4587 2795,4602 2790,4608 2785,4602 2744,4577 2739,4577 2734,4577 2728,4577 2723,4577 2672,4608 2652,4618 2457,4618 2447,4608 2385,4582 2380,4582 2375,4582 2232,4613 2227,4613 2181,4572 2181,4567 2176,4567 2170,4567 2083,4567 2078,4567 2073,4567 1909,4613 1817,4567 1812,4567 1807,4567 1802,4567 1684,4597 1541,4567 1536,4567 1530,4567 1525,4567 1443,4608 1448,4700"/>
        <Baseline points="1453,4702 3157,4693 3860,4706"/>
        <TextEquiv>
          <Unicode>Er ſcheint Verſtand zu haben dieſer Geiſt.</Unicode>
        </TextEquiv>
      </TextLine>

      
      
      <TextLine id="eSc_line_d06121b2" custom="structure {type:default;}">
        <Coords points="2201,4836 2201,4867 2600,4867 2600,4836 2590,4744 2529,4788 2375,4788 2317,4754 2307,4744 2304,4744 2300,4744 2297,4744 2201,4754 2201,4836"/>
        <Baseline points="2201,4836 2600,4836"/>
        <TextEquiv>
          <Unicode>Meph.</Unicode>
        </TextEquiv>
      </TextLine>

      
      
      <TextLine id="eSc_line_4f393862" custom="structure {type:default;}">
        <Coords points="1437,4969 1437,5000 2092,4993 2119,4997 2208,5017 2211,5017 2215,5017 2218,5017 2249,4997 2263,4990 2304,4997 2344,5003 2348,5003 2351,5003 2355,5003 2362,4997 2379,4986 2396,4997 2450,5027 2454,5027 2457,5031 2607,5031 2607,5027 2611,5027 2614,5027 2665,4997 2676,4990 2682,4993 2740,5024 2744,5024 2747,5024 2751,5024 2754,5024 2788,4993 2798,4983 2846,4983 2870,4993 2932,5024 2935,5024 2938,5024 3164,4993 3235,4983 3259,4993 3324,5021 3328,5021 3331,5021 3645,5017 3648,5017 3652,5017 3689,4990 3700,4983 3908,4986 3911,4949 3898,4833 3792,4881 3594,4881 3566,4857 3566,4853 3563,4853 3560,4853 3556,4853 3478,4870 3423,4843 3406,4836 3403,4836 3399,4836 3396,4836 3392,4836 3379,4846 3317,4884 3191,4850 3174,4846 3170,4846 3167,4846 3164,4846 3153,4850 3130,4864 3027,4853 2884,4840 2880,4840 2877,4840 2836,4860 2816,4870 2604,4894 2406,4894 2362,4870 2358,4870 2355,4870 2344,4870 2211,4894 2177,4874 2133,4846 2129,4846 2126,4846 2017,4846 2013,4846 2010,4846 1938,4881 1911,4894 1880,4881 1792,4850 1788,4850 1785,4850 1539,4853 1536,4853 1433,4887 1437,4969"/>
        <Baseline points="1437,4969 3911,4949"/>
        <TextEquiv>
          <Unicode>Nur wundert’s mich daß euch kein Dichter preiſt.</Unicode>
        </TextEquiv>
      </TextLine>

      
      
      <TextLine id="eSc_line_c762f32e" custom="structure {type:default;}">
        <Coords points="1433,5096 1430,5116 1542,5126 1597,5171 1600,5171 1604,5171 1607,5174 1798,5174 1798,5171 1802,5171 1894,5123 2034,5147 2037,5147 2205,5123 2304,5140 2307,5140 2426,5130 2481,5154 2484,5154 2488,5154 2491,5154 2556,5126 2638,5160 2641,5160 2645,5160 2648,5160 2764,5126 2850,5150 2853,5150 2856,5150 3065,5130 3147,5157 3150,5157 3153,5157 3157,5157 3198,5147 3246,5178 3249,5178 3252,5178 3256,5181 3706,5181 3706,5178 3710,5178 3713,5178 3764,5133 3894,5126 3898,5106 3894,5010 3659,5010 3655,5010 3652,5010 3648,5010 3597,5044 3488,5044 3433,5014 3426,5010 3423,5010 3420,5010 3416,5010 3409,5014 3351,5041 3280,5024 3276,5024 3273,5024 3147,5041 3119,5021 3119,5017 3116,5017 3112,5017 3109,5017 3102,5017 2966,5038 2938,5017 2925,5007 2921,5007 2918,5007 2914,5007 2860,5021 2778,5041 2563,5041 2505,5024 2457,5010 2454,5010 2450,5010 2447,5010 2420,5024 2409,5027 2402,5024 2362,5007 2358,5007 2355,5007 2232,5024 2167,5034 2051,5027 2034,5027 2010,5003 2007,5003 2003,5003 2000,5003 1887,5021 1788,5003 1785,5003 1648,5031 1628,5034 1624,5031 1583,5003 1580,5003 1576,5003 1512,5003 1508,5003 1505,5003 1433,5031 1433,5096"/>
        <Baseline points="1433,5096 3898,5106"/>
        <TextEquiv>
          <Unicode>Und ſagt! wie kam’s, wie konnte das geſchehn?</Unicode>
        </TextEquiv>
      </TextLine>

      
      
      <TextLine id="eSc_line_c242f928" custom="structure {type:default;}">
        <Coords points="1448,5248 1454,5340 1525,5299 1935,5299 1981,5340 1981,5345 1986,5345 1991,5345 1996,5345 2001,5345 2007,5345 2181,5299 2242,5345 2257,5360 2263,5360 2268,5360 2273,5365 2360,5365 2360,5360 2365,5360 2370,5360 2385,5350 2442,5304 2513,5304 2575,5350 2585,5360 2590,5360 2595,5360 2600,5365 2723,5365 2723,5360 2728,5360 2734,5360 2744,5350 2826,5304 3005,5304 3061,5355 3072,5360 3072,5365 3077,5365 3082,5365 3087,5365 3148,5355 3261,5335 3599,5360 3706,5365 3712,5365 3717,5365 3722,5365 3722,5360 3727,5360 3752,5329 3834,5360 3850,5263 3850,5181 3773,5145 3768,5145 3763,5145 3758,5145 3655,5176 3394,5150 3389,5150 3384,5150 3292,5176 3261,5145 3256,5145 3251,5145 3246,5145 3240,5145 3133,5171 3051,5140 3046,5140 3041,5140 3036,5140 2923,5171 2810,5140 2805,5140 2800,5140 2795,5140 2693,5171 2145,5140 2140,5140 2135,5140 2058,5166 1909,5135 1904,5135 1617,5166 1612,5166 1607,5166 1505,5135 1500,5135 1495,5135 1489,5135 1484,5135 1448,5155 1448,5248"/>
        <Baseline points="1453,5249 3853,5266"/>
        <TextEquiv>
          <Unicode>Im Bilde hab’ ich nie euch Würdigſte geſehn;</Unicode>
        </TextEquiv>
      </TextLine>

      
    </TextRegion>
    

    
  </Page>
</PcGts>
