4096 6144
1563 822 1897 1013 Fauſt.
1041 1013 2771 1204 Der Horizont hat ſich verdunkelt,
1078 1157 2959 1327 Nur hie und da bedeutend funkelt
1085 1307 2843 1488 Ein rother ahnungsvoller Schein;
1075 1457 2973 1638 Schon blutig blinken die Gewehre,
1049 1582 3118 1792 Der Fels, der Wald, die Atmoſphäre,
1051 1761 3061 1959 Der ganze Himmel miſcht ſich ein.
1597 1914 2135 2135 Mephiſt.
1068 2095 3078 2283 Die rechte Flanke hält ſich kräftig;
1061 2259 2928 2450 Doch ſeh ich, ragend unter dieſen,
1078 2399 3181 2600 Hans Raufbold, den behenden Rieſen,
1102 2553 2955 2781 Auf ſeine Weiſe raſch beſchäftigt.
1658 2754 2140 2954 Kaiſer.
1061 2877 2843 3082 Erſt ſah ich Einen Arm erhoben,
1080 3025 3148 3240 Jetzt ſeh ich ſchon ein Dutzend toben,
1085 3205 2942 3386 Naturgemäß geſchieht es nicht.
1658 3351 2041 3529 Fauſt
1088 3481 3208 3659 Vernahmſt du nichts von Nebelſtreifen
1075 3638 3191 3805 Die auf Siciliens Küſten ſchweifen?
1085 3805 3068 3973 Dort, ſchwankend klar, im Tageslicht,
1092 3962 2829 4130 Erhoben zu den Mittellüften,
1116 4116 3082 4287 Geſpiegelt in beſondern Düften,
1095 4253 2942 4430 Erſcheint ein ſeltſames Geſicht.
1054 4372 3133 4597 Da ſchwanken Städte hin und wieder,
1034 4520 3128 4720 Da ſteigen Gärten auf und nieder,
1075 4686 3143 4864 Wie Bild um Bild den Äther bricht.
1641 4805 2123 4952 Kaiſer.
1024 4918 2833 5089 Doch wie bedenklich! Alle Spitzen
1041 5041 2839 5205 Der hohen Speere ſeh ich blitzen;
1061 5143 3072 5328 Auf unſrer Phalanx blanken Lanzen
1064 5263 2860 5437 Seh ich behende Fläm̄chen tanzen.
1075 5365 3065 5556 Das ſcheint mir gar zu geiſterhaft.
