4096 6144
1358 931 1809 1126 Kaiſer.
938 1102 2474 1286 Und alſo ihr getreuen Lieben
989 1266 2822 1423 Willkommen aus der Näh’ und Ferne,
976 1416 3010 1600 Ihr ſammelt Euch mit günſtigem Sterne
979 1556 3106 1768 Da droben iſt uns Glück und Heil geſchrieben.
955 1730 2751 1938 Doch ſagt warum in dieſen Tagen,
983 1901 2846 2085 Wo wir der Sorgen uns entſchlagen,
972 2088 2771 2266 Schönbärte mummenſchänzlich tragen,
976 2256 2829 2423 Und heitres nur genießen wollten,
979 2396 3177 2594 Warum wir uns rathſchlagend quälen ſollten?
955 2566 3174 2768 Doch weil ihr meynt es ging nicht anders an,
986 2757 2696 2949 Geſchehen iſt’s, ſo ſey’s gethan.
1467 2962 1935 3140 Canzler.
795 3082 3078 3321 Die Höchſte Tugend, wie ein Heiligen=Schein,
836 3293 3215 3461 Umgiebt des Kaiſers Haupt, nur er allein
832 3464 2607 3655 Vermag ſie gültig auszuüben:
832 3624 3208 3805 Gerechtigkeit! – Wasle alle Menſchen lieben,
849 3788 3307 3949 Was alle fordern, wünſchen, ſchwer entbehren,
843 3942 3242 4109 Es liegt an ihm dem Volk es zu gewähren.
843 4078 3314 4280 Doch ach! Was hilft dem Menſchengeiſt Verſtand,
856 4239 3174 4454 Dem Herzen Güte, Willigkeit der Hand,
853 4413 3280 4587 Wenns fieberhaft durchaus im Staate wüthet,
822 4573 3013 4741 Und Uebel ſich in Uebeln überbrütet.
843 4700 3194 4915 Wer ſchaut hinab von dieſem hohen Raum
822 4864 3283 5048 Ins weite Reich, ihm ſcheint’s ein ſchwerer Traum;
822 5024 3181 5201 Wo Mißgeſtalt in Mißgeſtalten ſchaltet,
829 5174 2846 5341 Das Ungeſetz geſetzlich überwaltet,
815 5300 3246 5474 Und eine Welt des Irrthums ſich entfaltet.
2665 5468 3256 5652 Der raubt ſich
