4096 6144
1733 1006 2266 1160 Tretet heran
1730 1140 2365 1324 Stufe für Stufe
1710 1290 2474 1464 Reihet euch ernſt.
1710 1450 3194 1631 Würdig, o würdig, dreyfach würdig
1710 1576 3210 1827 Sey geſegnet ein ſolcher Empfang!
2044 1768 3758 1969 /: alles vom Chor ausgeſprochene geſchieht
2216 1879 2938 2099 nach und nach :/
1897 2088 3809 2307 Fauſt /: Nachdem Knaben und Knappen in
2225 2266 3874 2450 langem Zug herabgeſtiegen, erſcheint er
2232 2430 3877 2594 oben an der Treppe in ritterlicher Hof„
2225 2560 3805 2713 kleidung des Mittelalters und kom̄t
2239 2734 3433 2901 langſam würdig herunter :/
1894 2891 3648 3116 Chorf: /: ihn aufmerſam beſchauend :/
1460 3116 3587 3287 Wenn dieſem nicht die Götter, wie ſie öfter thun,
1471 3266 3549 3423 Für wenige Zeit nur wundernswürdige Geſtalt,
1467 3382 3478 3607 Erhabnen Anſtand, liebenswerthe Gegenwart
1477 3556 3365 3734 Vorübergänglich liehen; wird ihm jedesmal
1447 3679 3665 3894 Was er beginnt gelingen, ſey’s in Männerſchlacht,
1505 3829 3843 4031 So auch im kleinen Kriege mit den ſchönſten Frau’n.
1467 3986 3614 4208 Er iſt fürwahr gar vielen andern vorzuziehn,
1498 4140 3727 4365 Die ich doch auch als hochgeſchätzt mit Augen ſah.
1505 4321 3802 4526 Mit langſam=ernſtem, ehrfurchtsvoll gehaltnem Schritt
1505 4459 3522 4705 Seh ich den Fürſten; wende dich o Königin!
