4096 6144
1372 853 2071 1054 Schatzmſtr.
723 1006 3283 1225 Soll zwiſchen uns kein fernſter Zwiſt ſich regen,
701 1146 3036 1367 Ich liebe mir den Zaubrer zum Collegen.
2232 1285 3102 1469 /: ab mit Fauſt :/
1372 1327 1897 1505 Kaiſer.
747 1467 3211 1638 Beſchenk ich nun bey Hofe Mann für Mann,
744 1631 3024 1792 Geſteh er mir wozu er’s brauchen kann.
1406 1792 2689 1976 Page. /: empfangend :/
706 1925 2769 2165 Ich lebe luſtig, heiter, guter Dinge.
1402 2116 2877 2269 Ein Andrer /: gleichfalls :/
737 2247 3210 2478 Ich ſchaffe gleich dem Liebchen Kett und Ringe.
1399 2447 2802 2611 Cäm̄erer. /: annehmend :/
750 2580 3239 2764 Von nun an trink ich doppelt beſſre Flaſchen
1402 2747 2891 2938 Ein Andrer. /: gleichfalls :/
764 2884 3133 3082 Die Würfel jucken mich ſchon in der Taſche.
1382 3068 2979 3222 Bannerherr. /: mit Bedacht :/
771 3242 3256 3450 Mein Schloß und Feld ich mach’ es ſchuldenfrey,
1344 3406 2802 3563 Ein Andrer. /: gleichfals
747 3556 3068 3771 Es iſt ein Schatz, den leg ich Schätzen bey.
1402 3754 2010 3904 Kaiſer.
773 3855 3097 4090 Ich hoffte Luſt und Muth zu neuen Thaten;
791 4065 3362 4232 Doch wer euch kennt, der wird euch leicht errathen.
788 4215 3164 4389 Ich merk’ es wohl, bey aller Schätze Flor
795 4375 3287 4549 Wie ihr geweſen bleibt ihr nach wie vor.
1508 4532 1935 4652 Narr.
832 4628 3246 4836 Ihr ſpendet Gnaden, gönnt auch mir davon.
1443 4785 1928 4925 Kaiſer.
798 4932 3328 5120 Und lebſt du wieder, du vertrinkſt ſie ſchon.
