4096 6144
1604 901 3167 1085 Wem gelingt es? – Trübe Frage,
1607 1044 3010 1225 Der das Schickſal ſich vermum̄t,
1628 1187 3051 1361 Wenn am unglückſeligſten Tage
1614 1341 3027 1512 Blutend alles Volk verſtummt.
1600 1495 2914 1655 Doch erfriſchet neue Lieder,
1628 1641 2990 1774 Steht nicht länger tief gebeugt;
1607 1805 3184 1952 Denn der Boden zeugt ſie wieder,
1658 1925 2974 2160 Wie von je er ſie gezeugt.
1689 2083 3502 2334 /: Völlige Pause. Die Muſik hört auf :/
87 2176 1315 2421 ſich leider auch an mir:
1797 2237 2739 2421 Helena /: zu Fauſt :/
276 2372 1232 2594 dauerhaft ſich nicht
1351 2350 3456 2519 Zerriſſen iſt des Lebens wie der Liebe Band
474 2556 993 2699 vereint.
1399 2515 3471 2672 Betraurend beide, ſag ich ſchmerzlich Lebewohl!
1406 2638 3413 2778 Und werfe mich noch einmal in die Arme dir.
1406 2740 3392 2942 Perſephoneia nim̄ den Knaben auf und mich.
1955 2891 3843 3048 /: Sie umarmt Fauſt, das Körperliche ver„
2071 3027 3853 3215 ſchwindet, Kleid und Schleyer bleiben ihm
2082 3164 2894 3300 in den Armen :/
1826 3269 2761 3478 Phorkyas /: zu Fauſt :/
1450 3426 3437 3584 Halte feſt was dir von allem übrig blieb.
1443 3522 3399 3752 Das Kleid laß es nicht los. Da zupfen ſchon
1437 3693 3232 3857 Dämonen an den Zipfeln, möchten gern
1477 3799 3386 3986 Zur Unterwelt es reißen. Halte feſt!
1448 3916 3578 4136 Die Göttin iſt’s nicht mehr die du verlorſt,
1467 4065 3307 4239 Doch göttlich iſt’s. Bediene dich der hohen
1459 4183 3312 4377 Unſchätzbare’n Gunſt und hebe dich empor,
1464 4331 3293 4522 Es trägt dich über alles Gemeine raſch
1474 4449 3420 4669 Am Aether hin, ſo lange du dauern kan̄ſt.
1460 4614 3703 4802 Wir ſehn uns wieder, weit gar weit von hier.
2068 4744 3874 4922 /: Helenens Gewande löſen ſich in Wolken
2170 4881 3802 5031 auf, umgeben Fauſt, heben ihn in die
2160 5003 3717 5191 Höhe und ziehen mit ihm vorüber :/
