4096 6144
834 1131 2775 1356 Hier gilt kein künſtleriſch Bem
1361 989 1860 1177 Mephiſto.
829 1320 2923 1525 Verfahret nur nach eignen Maaßen;
822 1501 2949 1713 Der Längſte lege längelang ſich hin,
822 1665 3215 1873 Ihr andern lüftet ringsumher den Raſen;
819 1812 2744 2042 Wie mans für unſre Väter that,
798 2001 2739 2206 Vertieft ein längliches Quadrat!
783 2206 2816 2416 Aus dem Pallaſt ins enge Haus,
798 2360 3097 2611 So dumm läuft es am Ende doch hinaus.
1283 2618 1955 2778 Lemuren.
986 2788 3013 2996 /: mit neckiſchen Gebärden grabend :/
829 2933 2944 3169 Wie jung ich war und lebt und liebt,
839 3102 2892 3328 Mich däucht das war wohl ſüße,
849 3261 2872 3532 Wo’s fröhlich klang und luſtig ging
832 3502 2682 3665 Da rührten ſich meine Füße.
873 3713 2884 3918 Nun hat das tückiſche Alter mich
873 3891 2795 4099 Mit ſeiner Krücke getroffen;
865 4044 2841 4280 Ich ſtolpert’ über Grabes Thür,
896 4213 2688 4444 Warum ſtand ſie juſt offen!
1297 4433 3392 4635 Fauſt. /: aus dem Pallaſte tretend, taſtet
904 4672 3208 4908 Wie das Geklirr der Spaten mich ergötzt!
1894 4573 3068 4758 an den Thürpfoſten :/
901 4802 2990 5079 Es iſt die Menge, die mir fröhnet,
901 4956 2974 5207 Die Erde mit ſich ſelbſt verſöhnet,
884 5147 2737 5331 Den Wellen ihre Gränze ſetzt,
884 5290 3293 5505 Das Meer mit ſtrengem Band umzieht.
