4096 6144
1894 727 3051 957 Mephiſt /: zu Fauſt :/
1361 890 3297 1095 Mit ernſter Stirn, mit düſtrem Blick,
1211 1191 3403 1375 Die hohe Weisheit wird gekrönt
1334 1054 3413 1242 Vernimmſt du dein erhaben Glück.
1372 1331 3461 1520 Das Ufer iſt dem Meer verſöhnt,
1382 1484 3563 1679 Vom Ufer nimmt, zu raſcher Bahn,
1361 1617 3471 1863 Das Meer die Schiffe willig an;
1378 1788 3577 1989 So ſprich daß hier, hier vom Pallast
1368 1945 3580 2123 Dein Arm die ganze Welt umfaßt.
1351 2088 3297 2304 Von dieſer Stelle ging es aus,
1372 2252 3589 2472 Hier ſtand das erſte Breterhaus;
1385 2423 3450 2635 Ein Gräbchen ward hinabgeritzt
1378 2590 3467 2785 Wo jetzt das Ruder emſig ſpritzt.
1358 2744 3430 2925 Dein hoher Sinn, der Deinen Fleiß
1382 2882 3599 3118 Erwarb des Meers, der Erde Preiß.
1375 3092 2409 3249 Von hier aus –
1950 3184 2452 3415 Fauſt
2344 3302 3788 3553 Das verfluchte hier!
1327 3495 3024 3682 Das eben leidig laſtets mir.
1358 3648 3485 3826 Dir Vielgewandten muß ichs ſagen,
1365 3802 3580 4003 Mir giebts im Herzen Stich um Stich,
1355 3993 3399 4157 Mir iſts unmöglich zu ertragen!
1351 4096 3374 4336 Und wie ichs ſage ſchäm’ ich mich.
1346 4234 3435 4464 Die Alten droben ſollten weichen,
1341 4392 3532 4661 Die Linden wünſcht ich mir zum Sitz,
1355 4611 3560 4768 Die wenig Bäume, nicht mein eigen,
1372 4737 3375 4935 Verderben mir den Welt=Beſitz.
1361 4848 3660 5109 Dort wollt ich, weit umher zu ſchauen,
1361 4992 3553 5248 Von Aſt zu Aſt Gerüſte bauen,
1361 5120 3466 5365 Dem Blick eröffnen weite Bahn,
1378 5277 3430 5533 Zu ſehn was alles ich gethan,
