4096 6144
1300 805 1761 918 Thales.
692 962 2648 1122 Nachdem es kom̄t; s’iſt auch wohl fein
699 1095 2908 1280 Ein wackrer Mann zu ſeiner Zeit zu ſeyn.
1351 1259 2662 1447 Proteus. /: zu Thales :/
737 1437 2757 1600 So einer wohl von deinem Schlag!
740 1590 2556 1768 Das hält noch eine Weile nach;
737 1737 2860 1904 Denn unter bleichen Geiſterſchaaren,
761 1867 3201 2106 Seh’ ich dich ſchon ſeit vielen hundert Jahren.
1382 2065 2891 2256 Sirenen. /: auf den Felſen :/
1133 2259 2973 2443 Welch ein Ring von Wölkchen ründet
1133 2420 2624 2597 Um den Mond ſo reichen Kreis?
1140 2594 2508 2764 Tauben ſind es, lieb entzündet,
1105 2740 2402 2914 Fittige wie Licht ſo weiß.
1140 2891 2464 3065 Paphos hat ſie hergeſendet,
1099 3034 2549 3198 Ihre brünſtige Vogelſchaar;
1112 3160 2532 3348 Unſer Feſt, es iſt vollendet,
1109 3310 2594 3485 Heitre Wonne voll und klar!
1419 3549 2969 3754 Nereus. / zu Thales tretend :/
754 3775 2778 3925 Nennte wohl ein nächtiger Wanderer
737 3949 2614 4119 Dieſen Mondhof Lufterſcheinung;
740 4136 2874 4311 Doch wir Geiſter ſind ganz anderer
747 4300 2739 4510 Und der einzig richtigen Meynung.
778 4478 2495 4655 Tauben ſind es, die begleiten
761 4655 2542 4826 Meiner Tochter Muſchelpfad,
761 4809 2566 4990 Wunderflugs beſondrer Art,
742 4971 2606 5196 Angelernt vor alten Zeiten.
3082 658 3218 798 33
