4096 6144
875 1013 2600 1244 Fauſt /: herantretend, einen Gefeſſelten
1561 1141 2068 1341 zur Seite :/
875 1361 2759 1587 Statt feyerlichſten Grußes, wie ſich ziemte,
894 1549 2829 1723 Statt ehrfurchtsvollem Willkom̄ bring ich dir
911 1684 2831 1889 In Ketten hartgeſchloſſen ſolchen Knecht,
877 1867 2942 2078 Der Pflicht verfehlend mir die Pflicht entwand.
918 2020 2658 2225 Hier kniee nieder! dieſer höchſten Frau
904 2177 2556 2368 Bekenntniß abzulegen deiner Schuld.
887 2324 2768 2512 Dieß iſt, erhabne Herrſcherin, der Mann
897 2474 2679 2645 Mit ſeltnem Augenblitz vom hohen Thurm
901 2631 2792 2802 Umherzuſchaun beſtellt, dort Himmelsraum
890 2764 2503 2979 Und Erdenbreite ſcharf zu überſpähn,
901 2921 2737 3068 Was etwa da und dort ſich melden mag,
897 3065 2757 3269 Vom Hügelkreis ins Thal zur feſten Burg
907 3246 2727 3433 Sich regen mag, der Heerden Woge ſey’s,
877 3403 2795 3601 Ein Heereszug vielleicht; wir ſchützen jene,
897 3560 3058 3781 Begegnen dieſem. Heute, welch’ Versäumniß!
907 3744 2819 3928 Du kom̄ſt heran, er meldet’snicht, verfehlt
896 3860 2595 4101 Iſt ehrenvoller ſchuldigſter Empfang
890 4024 2616 4254 So hohen Gaſtes. Freventlich verwirkt
887 4212 2648 4389 Das Leben hat er, läge ſchon im Blut
885 4346 2647 4541 Verdienten Todes; doch nur du allein
877 4522 2914 4765 Beſtrafſt, begnadigſt, wie dir’s wohlgefällt.
3194 614 3283 692 120
3082 662 3198 781 43.
