4096 6144
1310 914 1594 1102 Fauſt.
723 1122 2495 1324 Nein gleich ſollſt du verſammelt ſchauen
703 1300 2228 1460 Der Helden ungetrennten Kreis:
723 1426 2529 1597 Nur der verdient die Gunſt der Frauen,
716 1570 2362 1771 Der kräftigſt ſie zu ſchützen weis.
1474 1710 3051 1918 /: zu den raſch eintretenden :/ treten.)
750 1870 2222 2058 Mit angehaltnem ſtillen Wüthen,
744 1983 2423 2191 Das euch gewiß den Sieg verſchafft,
774 2140 2283 2334 Ihr Nordens jugendliche Blüthen,
778 2283 2327 2512 Ihr Oſtens blumenreiche Kraft.
757 2515 2583 2717 In Stahl gehüllt, vom Strahl umwittert,
747 2652 2536 2860 Die Schaar die Reich um Reich zerbrach,
768 2822 2495 3024 Sie treten auf, die Erde ſchüttert,
788 2969 2396 3201 Sie ſchreiten fort, es donnert nach.
771 3184 2266 3403 An Pylos traten wir zu Lande,
757 3348 2239 3553 Der alte Neſtor iſt nicht mehr,
778 3481 2194 3682 Und alle kleine Königsbande
802 3642 2402 3863 Zerſprengt das ungebundne Heer.
798 3853 2696 4044 Drängt ungeſäumt von dieſen Mauern
808 3997 2269 4188 Jetzt Menelas dem Meer zurück;
815 4167 2447 4348 Dort irren mag er, rauben, lauren,
832 4311 2437 4549 Ihm war es Neigung und Geſchick.
829 4556 2314 4761 Herzoge ſoll ich euch begrüßen
832 4703 2167 4898 Gebietet Sparta’s Königin,
836 4857 2706 5051 Nun legt ihr Berg und Thal zu Füßen,
843 5000 2375 5195 Und euer ſey des Reichs Gewinn.
