4096 6144
2099 803 2447 1008 Fauſt
1536 1006 3215 1181 Iſt mir doch als dröhnt’ die Erde
1542 1170 3242 1334 Schallend unter eiligem Pferde.
1925 1338 3017 1488 Dorthin mein Blick!
1986 1484 3092 1655 Ein günſtiges Geſchick,
1976 1648 3474 1815 Soll es mich ſchon erreichen?
1549 1955 3382 2116 Ein Reuter kom̄t herangetrabt,
1966 1795 3351 1972 O Wunder ohne Gleichen!
1583 2102 3720 2283 Er ſcheint von Geiſt und Muth begabt,
1549 2266 3945 2437 Von blendend=weißem Pferd getragen....
1587 2413 3447 2594 Ich irre nicht, ich kenn’ ihn ſchon,
1573 2577 3454 2737 Der Philyra berühmter Sohn!
1573 2727 3901 2928 Halt Chiron! halt! Ich habe dir zu ſagen..
1597 3037 2928 3208 Was giebt’s? Was iſt’s?
2160 2882 2647 3056 Chiron.
2196 3184 2575 3358 Fauſt.
2505 3269 3911 3461 Bezähme deinen Schritt!
1525 3502 2421 3727 Ich raſte nicht!
2198 3420 2614 3587 Chiron.
2155 3640 2595 3855 Fauſt.
2293 3781 3894 3942 So bitte! Nimm mich mit!
1563 4024 3904 4225 Sitz auf! ſo kann ich nach Belieben fragen:
2191 3915 2658 4034 Chiron.
1576 4177 3938 4379 Wohin des Wegs? Du ſtehſt am Ufer hier,
1515 4316 3840 4546 Ich bin bereit dich den Fluß zu tragen.
2508 4285 2734 4418 durch
1559 4625 3894 4799 Wohin du willſt. Für ewig dank’ ichs dir....
2109 4474 3389 4689 Fauſt. /: aufſitzend :/
1539 4771 3638 4928 Der große Mann der edle Pädagog,
1556 4908 3904 5079 Der, ſich zum Ruhm, ein Heldenvolk erzog,
1559 5044 3908 5215 Den ſchönen Kreis der edlen Argonauten
1587 5167 3908 5345 Und alle die des Dichters Welt erbauten.
