4096 6144
1377 957 1751 1157 Helena.
839 1201 2839 1378 Genug! mit meinem Gatten bin ich hergeſchifft
839 1315 3082 1556 Und nun von ihm zu ſeiner Stadt vorausgeſandt;
849 1498 2979 1675 Doch welchen Sinn er hegen mag errath’ ich nicht.
839 1638 3000 1812 Komm’ ich als Gattin? komm’ ich eine Königinn?
846 1812 3130 1972 Komm’ ich ein Opfer für des Fürſten bittern Schmerz
860 1925 3097 2155 Und für der Griechen lang’erduldetes Mißgeſchick?
853 2112 2689 2280 Erobert bin ich, ob gefangene weiß ich nicht!
834 2227 3189 2462 Denn Ruf und Schickſal beſtimmten fürwahr die Unſterblichen
843 2437 2846 2607 Zweydeutig mir, der Schöngeſtalt bedenkliche
829 2597 3078 2764 Begleiter, die an dieſer Schwelle mir ſogar
839 2734 3159 2933 Mit düſter drohender Gegenwart zur Seite ſtehn.
829 2882 3184 3082 Denn ſchon im hohlen Schiffe blickte mich der Gemahl
834 3025 3169 3251 Nur ſelten an, auch ſprach er kein erquicklich Wort.
836 3215 3167 3386 Als wenn er Unheil ſänne ſaß er gegen mir.
843 3372 3232 3543 Nun aber, als des Eurotas tiefem Buchtgeſtad
826 3522 3235 3720 Hinangefahren der vordern Schiffe Schnäbel kaum
839 3665 3251 3921 Das Land begrüßten, ſprach er, wie vom Gott bewegt:
803 3829 3179 4055 Hier ſteigen meine Krieger, nach der Ordnung, aus,
832 3993 3157 4174 Ich muſtre ſie am Strand des Meeres hingereiht
798 4126 2887 4321 Du aber ziehe weiter, ziehe des heiligen
860 4249 2887 4474 Eurotas fruchtbegabtem Ufer immer auf,
