4096 6144
2102 822 3618 1000 Meph. /: wie verſchüchtert :/
1604 983 3689 1160 Noch andres Zeug ziſcht zwiſchen drein.
1587 1300 3464 1474 Vor dieſen sey euch ja nicht bange,
2099 1157 2524 1367 Sphynx.
2309 1100 2396 1208 i
1594 1450 3942 1617 Es ſind die Köpfe der Lernäiſchen Schlange,
1582 1582 4003 1807 Vom Rumpf getrennt, und glauben was zu ſeyn.
1583 1768 3809 1938 Doch ſagt, was ſoll nur aus euch werden,?
1597 1925 3420 2088 Was für unruhige Gebärden?
1570 2068 3805 2256 Wo wollt ihr hin? Begebt euch fort! ...
1604 2235 3205 2416 Ich ſehe, jener Chorus dort
1576 2370 3988 2611 Macht euch zum Windehals. Bezwingt euch nicht,
1576 2590 3911 2764 Geht hin! begrüßt manch reizendes Geſicht.
1542 2740 3655 2911 Die Lamien ſinds, luſtfeine Dirnen,
1583 2853 3754 3000 Mit Lächelmund und frechen Stirnen,
1576 2944 3553 3107 Wie ſie dem Satyrvolk behagen;
1566 3095 3775 3273 Ein Bocksfuß darf dort alles wagen.
2205 3283 2590 3467 Meph.
1559 3471 3976 3655 Ihr bleibt doch hier? daß ich euch wiederfinde.
2232 3650 2718 3870 Sphynx.
2426 3614 2513 3763 i
1587 3809 3754 4014 Ja! Miſche dich zum luftigen Geſinde.
1587 3993 3966 4184 Wir, von Egypten her, ſind längſt gewohnt
1559 4143 3802 4328 Daß unſereins in tauſend Jahre thront.
1594 4317 3546 4485 Und reſpectirt nur unſre Lage,
1583 4471 3915 4676 So regeln wir die Mond= und Son̄entage.
1884 4713 3321 4870 Sitzen vor den Pyramiden,
1887 4857 3348 5061 Zu der Völker Hochgericht;
1887 5014 3764 5218 Ueberſchwem̄ung, Krieg und Frieden –
1890 5188 3403 5420 Und verziehen kein Geſicht.
