4096 6144
1884 819 3512 1039 Trabanten /: unſres Kaiſers :/
1495 1027 3734 1204 Was ſchafft ihr hier am heiligen Platz?
1515 1170 3471 1348 Was kramt ihr in den Kaiſerſchatz.
1911 1341 2396 1540 Habeb.
1501 1481 3345 1655 Wir trugen unſre Glieder feil,
1522 1658 3225 1809 Und holen unſer Beutetheil.
1522 1792 3450 1983 In Feindes=Zelten iſts der Brauch
1515 1945 3584 2150 Und wir, Soldaten ſind wir auch.
2001 2094 2667 2319 Trabanten.
1474 2266 3566 2461 Das paſſet nicht in unſern Kreis
1481 2447 3635 2631 Zugleich Soldat und Diebsgeſchmeiß,
1525 2607 3512 2771 Und wer ſich unſerm Kaiſer naht,
1488 2764 3181 2938 Der ſey ein redlicher Soldat.
1929 2908 2493 3136 Habeb.
1498 3075 3488 3242 Die Redlichkeit die kennt man ſchon.
1508 3222 3034 3399 Sie heißet: Contribution.
1474 3338 3389 3589 Ihr alle ſeyd auf gleichem Fuß:
1532 3522 3880 3717 Gieb her! das iſt der Handwerksgruß.
2058 3665 3128 3901 /: zu Eilebeute :/
1529 3867 3645 4065 Mach fort und ſchleppe was du haſt,
1505 4039 3793 4259 Hier ſind wir nicht willkom̄ne Gaſt.
3056 4203 3486 4398 /: ab :/
1986 4203 2897 4449 Erſter Trabant.
1518 4433 3590 4621 Sag warum gabſt du nicht ſogleich
1505 4587 3645 4802 Dem frechen Kerl einen Backenſtreich?
2027 4795 2720 5003 Zweyter.
1515 4973 3764 5160 Ich weiß nicht, mir verging die Kraft,
1479 5130 3425 5360 Sie waren ſo geſpenſterhaft.
