4096 6144
1751 740 3894 948 Cicaden, Käfer und Farfarellen fahren heraus :/
2078 928 2962 1122 Chor der Inſecten.
1904 1099 3020 1232 Willkommen! willkom̄en
1918 1215 2754 1358 Du alter Patron,
1925 1303 3133 1460 Wir ſchweben und ſummen
1914 1423 2874 1587 Und kennen dich ſchon.
1918 1546 2938 1703 Nur einzeln im Stillen
1921 1662 2966 1805 Du haſt uns gepflanzt,
1911 1764 3106 1911 Zu Tauſenden kom̄en wir
1925 1884 2672 2034 Vater getanzt.
1928 1986 3126 2150 Der Schalk in dem Buſen
1911 2136 2908 2300 Verbirgt ſich ſo ſehr,
1897 2259 3089 2420 Vom Pelze die Läuschen
1918 2389 2781 2587 Enthüllen ſich ehr.
2136 2577 2935 2747 Mephiſtopheles.
1430 2727 3761 2925 Wie überraſchend mich die junge Schöpfung freut!
1440 2891 3498 3037 Man ſäe nur, man erndtet mit der Zeit.
1440 3024 3392 3191 Ich ſchüttle noch einmal den alten Flaus,
1447 3167 3652 3321 Noch eines flattert hier und dort hinaus. –
1443 3310 3563 3488 Hinauf! umher! in hunderttauſend Ecken
1440 3457 3252 3618 Eilt euch ihr Liebchen zu verſtecken.
1469 3584 3276 3793 Dort wo die alten Schachteln ſtehn,
1450 3758 3109 3904 Hier im bebräunten Pergemen,
1447 3898 3198 4068 In ſtaubigen Scherben alter Töpfe,
1447 4055 3140 4218 Dem Hohlaug’ jener Todtenköpfe.
1440 4188 3170 4338 In ſolchem Wuſt und Moderleben
1457 4331 3099 4488 Muß es für ewig Grillen geben.
1969 4468 3112 4648 /: ſchlüpft in den Pelz :/
1423 4625 3488 4761 Komm decke mir die Schultern noch einmal,
1443 4730 2942 4904 Heut bin ich wieder Prinzipal.
1454 4874 3355 5034 Doch hilft es nichts mich ſo zu nennen,
1464 4993 3416 5160 Wo ſind die Leute die mich anerkennen!
1802 5164 3792 5331 /: er zieht die Glocke die einen gellenden,
1904 5328 3635 5447 durchdringenden Ton erſchallen läßt;
1942 5413 3751 5553 wovon die Hallen erbeben und die Thüren
1959 5522 2560 5679 aufſpringen :/
