4096 6144
1320 795 3010 1006 Chor der Engel. /: Roſen ſtrauend :/
1225 1020 2413 1211 Roſen, ihr blendenden,
1242 1153 2545 1320 Balſam verſendenden!
1249 1290 2624 1440 Flatternde, ſchwebende,
1269 1426 2358 1576 Heimlich belebende,
1242 1553 2505 1720 Zweiglein beflügelte,
1293 1679 2570 1846 Knoſpen entſiegelte,
1274 1776 2155 2022 Eilet zu blühn.
1365 1966 2519 2150 Frühling entſprieße,
1273 2112 2304 2280 Purpur und Grün;
1259 2247 2273 2421 Tragt Paradieſe
1262 2402 2304 2594 Dem Ruhenden hin.
1484 2577 3106 2805 Mephiſt. /: zu den Satanen :/
778 2723 3164 2949 Was duckt und zuckt ihr? iſt das Höllenbrauch?
631 2874 3051 3099 So Ihr haltet Stand und laßt ſie ſtreuen.
793 3010 2795 3230 An ſeinen Platz ein jeder Gauch!
839 3181 3109 3362 Sie denken wohl mit ſolchen Blümeleyen
808 3334 2775 3502 Die heißen Teufel einzuſchneyen;
819 3471 3273 3665 Das ſchmilzt und ſchrumpft vor eurem Hauch.
836 3631 3065 3819 Nun puſtet Püſtriche! – Genug genug!
826 3771 3362 3938 Vor eurem Broden bleicht der ganze Flug. –
839 3896 3379 4111 Nicht ſo gewaltſam! ſchließet Maul und Naſen.
834 4055 3036 4275 Fürwahr ihr habt zu ſtark geblaſen;
846 4222 3208 4403 Daß ihr doch nie die rechten Maaße kennt.
836 4392 3389 4560 Das ſchrumpft nicht nur, es bräunt ſich, dorrt, es bren̄t!
824 4536 3358 4751 Schon ſchwebts heran mit giftig klaren Flam̄en,
832 4724 3389 4894 Stemmt euch dagegen, drängt euch feſt zuſam̄en!
856 4857 3061 5048 Die Kraft verliſcht dahin iſt aller Muth
843 5010 3157 5201 Die Teufel wittern fremde Schmeichelglut.
