4096 6144
1027 1037 3051 1249 Wohin man kommt da hält ein Neuer Haus;
1020 1239 2600 1423 Und unabhängig will er leben,
1003 1385 2761 1583 Zuſehen muß man wie er’s treibt;
1037 1518 2918 1744 Wir haben ſoviel Rechte hingegeben,
996 1655 3208 1921 Daß uns auf nichts ein Recht mehr übrig bleibt.
996 1832 2928 2109 Auch auf Partheyen, wie ſie heißen,
1013 2048 2658 2286 Iſt heut zu Tage kein Verlaß;
1010 2215 2706 2437 Sie mögen ſchelten oder preiſen,
1006 2372 2829 2618 Gleichgültig wurden Lieb und Haß.
1013 2560 2867 2785 Die Ghibellinen wie die Guelfen
1003 2740 2648 2962 Verbergen ſich um auszuruhn;
1017 2860 3160 3143 Wer jetzt will ſeinem Nachbar helfen?
1027 3072 2751 3310 Ein jeder hat für ſich zu thun.
1013 3263 3054 3478 Die Goldespforten ſind verrammelt,
1030 3409 3147 3665 Ein jeder krazt und ſcharrt und ſam̄elt
1054 3614 2751 3792 Und unſre Caſſen bleiben leer.
1423 3819 2123 4007 Marſchalk
1054 3973 2884 4174 Welch Unheil muß auch ich erfahren;
1061 4147 2645 4324 Wir wollen alle Tage ſparen
1071 4311 2699 4485 Und brauchen alle Tage mehr.
1071 4447 2822 4628 Und täglich wächſt mir neue Pein.
1054 4621 2914 4782 Den Köchen thut kein Mangel wehe;
1078 4775 2891 4945 Wildſchweine, Hirſche, Haſen, Rehe,
1082 4922 3058 5106 Welſchhüner, Hühner, Gäns’ und Enten,
1082 5082 2706 5253 Die Deputate, ſichre Renten,
1071 5239 2665 5423 Sie gehen noch ſo ziemlich ein.
