4096 6144
1614 925 1969 1112 Sorge.
1256 1068 3017 1256 Soll er gehen, ſoll er kommen,
1305 1198 3036 1392 Der Entſchluß iſt ihm genom̄en;
1293 1344 3017 1536 Auf gebahnten Weges=Mitte,
1326 1464 3169 1674 Wankt er taſtend halbe Schritte.
1341 1597 3138 1822 Er verliert ſich immer tiefer,
1314 1757 2856 1928 Siehet alle Dinge ſchiefer,
1324 1894 2996 2075 Sich und andre läſtig drückend,
1310 2027 2944 2232 Athem holend und erſtickend;
1338 2184 3024 2344 Nicht erſtickt und ohne Leben,
1338 2334 3304 2505 Nicht verzweiflend, nicht ergeben.
1334 2478 3075 2631 So ein unaufhaltſam Rollen
1351 2607 3259 2792 Schmerzlich Laſſen, widrig Sollen,
1334 2757 3297 2904 Bald befreyen, bald erdrücken,
1378 2887 3328 3089 Halber Schlaf und ſchlecht Erquicken
1361 3037 2976 3215 Heftet ihn an ſeine Stelle
1356 3169 3066 3394 Und bereitet ihn zur Hölle.
1612 3322 1966 3532 Fauſt.
808 3495 3058 3682 Unſelige Geſpenſter ſo behandelt ihr
887 3642 3290 3812 Das menſchliche Geſchlecht zu tauſendmalen;
901 3785 3150 3935 Gleichgültige Tage ſelbſt verwandelt ihr
866 3915 3403 4089 In garſtigen Wirrwarr netzumſtrickter Quaalen.
906 4034 3251 4218 Dämonen, weiß ich, wird man ſchwerlich los,
901 4172 3415 4377 Das geiſtig=ſtrenge Band iſt nicht zu trennen;
890 4341 3191 4512 Doch deine Macht, o Sorge, ſchleichend groß,
955 4471 2901 4638 Ich werde ſie nicht anerkennen.
1669 4645 2129 4823 Sorge.
1382 4795 3037 4973 Erfahre ſie, wie ich geſchwind
1419 4949 3379 5099 Mich mit Verwünſchung von dir wende!
1423 5072 3351 5236 Die Menſchen ſind im ganzen Leben blind,
1426 5195 3232 5352 Nun Fauſte! werde dus am Ende.
2198 5338 3324 5526 /: ſie haucht ihn an :/
