4096 6144
1669 764 3266 957 Wie? – Dort hinten in der Zelle
1576 942 3075 1129 Sitzt noch Einer dunkel=helle!
1587 1102 3174 1300 Nahend ſeh’ ichs mit Erſtaunen,
1594 1239 3355 1437 Sitzt er noch im Pelz, dem braunen;
1607 1402 3164 1580 Wahrlich wie ich ihn verließ,
1638 1539 3259 1723 Noch gehüllt im rauhen Vließ!
1611 1720 3338 1856 Damals war er ſchon gewandt,
2073 1664 2380 1792 ſchien
2539 1658 2788 1771 zwar
1631 1853 3222 2037 Als ich gleich ihn nicht verſtand.
2401 1807 2611 1930 noch
1665 2003 3263 2184 Heute wird es nicht verfangen,
1655 2177 3218 2368 Friſch an ihn herangegangen!
1382 2420 3730 2600 Wenn, alter Herr, nicht Lethes trübe Fluthen
1392 2573 3816 2792 Das ſchiefgeſenkte, kahle Haupt durchſchwom̄en,
1413 2737 3788 2942 Seht anerkennend hier den Schüler kommen,
1426 2908 3426 3095 Entwachſen akademiſchen Ruthen.
1443 3056 3389 3281 Ich find’ euch noch wie ich euch ſah;
1481 3249 3416 3447 Ein Anderer bin ich wieder da.
2218 3498 2904 3700 Mephiſtoph.
1481 3679 3457 3877 Mich freut daß ich euch hergeläutet.
1508 3850 3426 4055 Ich ſchätzt’ euch damals nicht gering;
1498 3986 3689 4191 Die Raupe ſchon, die Chryſalide deutet
1505 4167 3488 4338 Den künftigen bunten Schmetterling.
1546 4321 3515 4498 Am Lockenkopf und Spitzenkragen,
1532 4488 3696 4659 Empfandet ihr ein kindliches Behagen. –
1530 4602 3814 4858 Ihr trugt wohl niemals einen Zopf? –
1546 4812 3611 4986 Heut ſchau ich euch im Schwedenkopf.
1536 4973 3706 5150 Ganz reſolut und wacker ſeht ihr aus,
1529 5137 3659 5304 Kommt nur nicht abſolut nach Haus.
