4096 6144
1423 757 3631 965 Siehſt auf und ab lichtgrüne ſchwanke Wellen,
1460 907 3826 1122 Mit Purpurſaum, zu ſchönſter Wohnung ſchwellen,
1460 1054 3703 1249 Um dich den Mittelpunct. Bey jedem Schritt
1464 1184 3515 1385 Wohin du gehſt gehn die Palläſte mit.
1457 1338 3679 1539 Die Wände ſelbſt erfreuen ſich des Lebens,
1454 1484 3843 1693 Pfeilſchnellen Wimlens, Hinundwiederſtrebens.
1464 1634 3915 1832 Meerwunder drängen ſich zum neuen milden Schein,
1464 1802 3611 1996 Sie ſchießen an, und keines darf herein.
1457 1949 3737 2160 Da ſpielen farbig goldbeſchuppte Drachen,
1454 2092 3901 2304 Der Hayfiſch klafft, du lachſt ihm in den Rachen.
1488 2252 3812 2454 Wie ſich auch jetzt der Hof um dich entzückt
1471 2392 3781 2624 Haſt du doch nie ein ſolch Gedräng erblickt.
1460 2549 3880 2751 Doch bleibſt du nicht vom Lieblichſten geſchieden
1491 2730 3355 2908 Es nahen ſich neugierige Nereiden
1464 2853 3877 3048 Der prächtigen Wohnung in der ewigen Friſche,
1464 3003 3816 3201 Die jüngſten ſcheu und lüſtern wie die Fiſche,
1474 3174 3799 3368 Die ſpätern klug; ſchon wird es Thetis kund
1464 3314 3918 3525 Dem zweyten Peleus reicht ſie Hand und Mund. –
1467 3485 3904 3682 Den Sitz alsdann auf des Olymps Revier! –
2170 3672 2638 3853 Kaiſer.
1464 3799 3594 3979 Die luftigen Räume die erlaß ich dir,
1498 3949 3689 4154 Noch früh genug beſteigt man jenen Thron.
2242 4113 2703 4290 Mephiſto.
1522 4239 3747 4437 Und, höchſter Herr! die Erde haſt du ſchon.
2256 4386 2676 4567 Kayſer.
1529 4532 3706 4710 Welch gut Geſchick hat dich hieher gebracht?
1529 4683 3539 4816 Unmittelbar aus Tauſend Einer Nacht
1542 4795 3686 4962 Gleichſt du an Fruchtbarkeit Scheherazaden,
1556 4932 3703 5096 Verſiche ich dich der höchſten aller Gnaden.
1559 5061 3447 5215 Sey ſtets bereit wenn eure Tageswelt
1570 5181 3710 5341 Wie’s oft geſchieht, mir widerlichſt mißfällt.
