4096 6144
1795 621 2662 819 /: Poſaunen :/
1860 826 2519 983 Aſtrolog.
1092 959 3440 1191 Beginne gleich das Drama ſeinen Lauf,
1099 1129 3734 1378 Der Herr befiehlts, ihr Wände thut euch auf!
1092 1310 3730 1573 Nichts hindert mehr, hier iſt Magie zur Hand,
1085 1498 3713 1723 Die Tepp’che ſchwinden, wie gerollt vom Brand;
1095 1679 3539 1887 Die Mauer ſpaltet ſich, ſie kehrt ſich um,
1119 1836 3587 2058 Ein tief Theater ſcheint ſich aufzuſtellen,
1122 2013 3638 2201 Geheimnißvoll ein Schein uns zu erhellen,
1092 2133 2771 2334 Und ich beſteige das Proſcenium.
2034 2184 3727 2375 Meph. /: aus dem Soufleurloche
2792 2300 3655 2464 auftauchend :/
1146 2437 3433 2648 Von hier aus hoff’ ich allgemeine Gunſt,
1157 2577 3669 2826 Einbläſereyen ſind des Teufels Redekunſt.
2017 2718 3179 2944 /: zum Aſtrologen :/
1163 2874 3741 3092 Du kennſt den Tackt in dem die Sterne gehn,
1198 3037 3775 3256 Und wirſt mein Flüſtern meiſterlich verſtehn.
1983 3232 2645 3416 Aſtrolog.
1157 3345 3764 3587 Durch Wunderkraft erſcheint alhier zur Schau,
1198 3556 3413 3744 Maſſiv genug, ein alter Tempelbau.
1167 3710 3734 3901 Dem Atlas gleich der einſt den Him̄el trug,
1225 3877 3638 4072 Steh’n, reihenweis, der Säulen hier genug;
1211 4044 3502 4225 Sie mögen wohl der Felſenlaſt genügen,
1187 4191 3720 4365 Da zweye ſchon ein groß Gebäude trügen.
2027 4341 2747 4464 Architekt.
1215 4454 3710 4621 Das wär antik! ich wüßt’ es nicht zu preiſen,
1266 4584 3601 4751 Es ſollte plump und überläſtig heißen.
1269 4717 3539 4881 Roh nennt man edel, unbehülflich groß.
1286 4850 3747 5034 Schmal=Pfeiler lieb’ ich, ſtrebend, gränzenlos;
1286 4997 3379 5178 Spitzbögiger Zenith erhebt den Geiſt;
1286 5133 3358 5311 Solch ein Gebäu erbaut uns allermeiſt.
