4096 6144
918 1109 2836 1286 Was bleibt mir übrig? als mich ſelbſt und alles
884 1286 2860 1450 Im Wahn das Meine, dir anheim zu geben.
880 1457 2781 1628 Zu deinen Füßen laß mich, frey und treu,
863 1607 2508 1798 Dich Herrin anerkennen, die ſogleich
873 1788 2771 2000 Auftretend ſich Beſitz und Thron erwarb.
1310 1989 3102 2153 Lynceus /: mit einer Kiſte und Männer
1856 2133 3102 2321 die ihm andere nachtragen :/
1126 2327 2628 2498 Du ſiehſt mich, Königin, zurück!
1181 2484 2546 2628 Der Reiche bettelt einen Blick,
1198 2611 2713 2781 Er ſieht dich an und fühlt ſogleich
1184 2771 2737 2932 Sich bettelarm und fürſtenreich.
1327 2976 2918 3126 Was war ich erſt? was bin ich nun?
1225 3102 2812 3263 Was iſt zu wollen? was zu thun?
1211 3239 2938 3450 Was hilft der Augen ſchärfſter Blitz!
1201 3389 2713 3570 Er prallt zurück an deinem Sitz.
1351 3573 2676 3737 Von Oſten kamen wir heran
1215 3737 2754 3898 Und um den Weſten wars gethan;
1208 3880 2764 4048 Ein lang und breites Volksgewicht,
1201 4034 2805 4212 Der erſte wußte vom letzten nicht.
1358 4215 2836 4399 Der erſte fiel, der zweite ſtand,
1221 4369 2761 4539 Des dritten Lanze war zur Hand;
1225 4515 2638 4683 Ein jeder hundertfach geſtärkt,
1228 4659 2699 4867 Erſchlagne Tauſend unbemerkt.
