4096 6144
1121 752 3384 1024 Fauſt /: auf dem Balkon, gegen die Dünen :/
805 983 2877 1177 Von oben welch ein ſingend Wimmern?
812 1133 2843 1334 Das Wort iſt hier, der Ton zu ſpat,
856 1276 3065 1481 Mein Thürmer jam̄ert; mich, im Innern,
866 1416 2672 1600 Verdrießt die ungeduldge That.
877 1563 2833 1751 Doch ſey der Lindenwuchs vernichtet
911 1704 2749 1894 Zu halbverkohlter Stäm̄e Graun,
945 1846 2829 2027 Ein Luginsland iſt bald errichtet,
942 1960 2652 2160 Um ins Unendliche zu ſchaun.
931 2140 2740 2321 Da ſeh ich auch die neue Wohnung,
942 2273 2826 2443 Die jenes alte Paar umſchließt,
948 2426 3198 2618 Das, im Gefühl großmüthiger Schonung,
948 2573 2839 2792 Der ſpäten Tage froh genießt.
1326 2728 2570 2969 Mepiſto. u. die Dreye.
1909 2908 2488 3118 /: unten :/
1146 3066 2800 3256 Da kom̄en wir mit vollem Trab,
1160 3229 2812 3426 Verzeiht! es ging nicht gütlich ab.
1167 3379 3015 3573 Wir klopften an, wir pochten an,
1157 3549 3017 3720 Und immer ward nicht aufgethan;
1153 3686 3017 3843 Wir rüttelten, wir pochten fort,
1150 3826 2969 3990 Da lag die morſche Thüre dort;
1152 3952 3276 4172 Wir riefen laut und drohten ſchwer,
1116 4116 3041 4321 Allein wir fanden kein Gehör.
1126 4259 3046 4520 Und wie’s in ſolchem Fall geſchieht,
1121 4444 3072 4618 Sie hörten nicht, ſie wollten nicht;
1126 4618 2986 4792 Wir aber haben nicht geſäumt
1116 4756 2969 4945 Behende dir ſie weggeräumt.
1105 4904 3215 5099 Das Paar hat ſich nicht viel gequält
1136 5065 3082 5239 Vor Schrecken fielen ſie entſeelt.
