4096 6144
798 873 3263 1047 Was, ohne Haupt, was förderten die Glieder?
795 1037 2867 1208 Denn ſchläfert jenes, alle ſinken nieder;
822 1191 3211 1365 Wird es verletzt, gleich alle ſind verwundet,
884 1344 3007 1539 Erſtehen friſch, wenn jenes raſch geſundet.
829 1489 3363 1699 Schnell weiß der Arm ſein ſtarkes Recht zu nützen,
846 1665 3205 1870 Er hebt den Schild den Schädel zu beſchützen,
829 1832 3198 2024 Das Schwerdt gewahret ſeiner Pflicht ſogleich,
826 2010 3348 2174 Lenkt kräftig ab und wiederholt den Streich;
815 2170 3293 2362 Der tüchtige Fuß nimmt Theil an ihrem Glück,
815 2327 3215 2546 Setzt dem Erſchlagenen friſch ſich ins Genick.
1530 2503 2037 2682 Kaiſer.
795 2676 3345 2884 Das iſt mein Zorn, ſo möcht ich ihn behandeln,
795 2843 3403 3041 Das ſtolze Haupt in Schemeltritt verwandeln.
1438 2995 2897 3266 Herolde. /: kom̄en zurück :/
1204 3229 2703 3396 Wenig Ehre, wenig Geltung
1232 3368 2938 3532 Haben wir daſelbſt genoſſen,
1239 3508 2911 3676 Unſrer kräftig edlen Meldung
1184 3659 2914 3846 Lachten ſie als ſchaaler Poſſen:
1121 3804 2923 4014 ”Euer Kaiſer iſt verſchollen,
1239 3962 2856 4198 Echo dort im engen Thal;
1233 4126 3056 4357 Wenn wir ſein gedenken ſollen,
1208 4305 3123 4556 Mährchen ſagt: – Es war einmal.„
1561 4505 1966 4669 Fauſt.
778 4654 3189 4879 Dem Wunſch gemäß der Beſten iſts geſchehn,
785 4846 3089 5010 Die, feſt und treu, an deiner Seite ſtehn.
783 4981 3343 5191 Dort naht der Feind, die deinen harren brünſtig,
822 5157 3177 5369 Befiehl den Angriff, der Moment iſt günſtig.
