4096 6144
1136 1020 2607 1177 Wenn unerwartet mit Gewalt,
1136 1153 2676 1324 Dann aber ſeine Stimm erſchallt,
1153 1300 2870 1477 Wie Blitzes Knattern, Meergebraus
1143 1460 2829 1607 Dann niemand weis wo ein nochaus,
1143 1580 2880 1778 Zerſtreut ſich tapfers Heer im Feld
1157 1733 2870 1904 Und im Getümmel bebt der Held.
1157 1890 2839 2071 So Ehre dem, dem Ehre gebührt
1160 2034 2904 2242 Und Heil ihm der uns hergeführt!
1303 2273 2402 2440 Deputation der Gnomen
1645 2379 2481 2512 an den großen Pan.
1140 2508 2454 2662 Wenn das glänzend reiche Gute
1157 2618 2635 2757 Fadenweis durch Klüfte ſtreicht,
1153 2734 2652 2880 Nur der klugen Wünſchelruthe
1170 2850 2235 3013 Seine Labyrinthe zeigt.
1286 2969 2860 3130 Wölben wir in dumpfen Grüften
1194 3099 2392 3263 Troglodytiſch unſer Haus,
1225 3222 2583 3355 Und an reinen Tageslüften
1239 3338 2672 3512 Theilſt du Schätze gnädig aus.
1358 3505 2778 3662 Nun entdecken wir hieneben
1262 3624 2467 3771 Eine Quelle wunderbar,
1259 3751 2836 3925 Die bequem verſpricht zu geben
1276 3887 2836 4044 Was kaum zu erreichen war.
1385 4044 2969 4191 Dies vermagſt du zu vollenden,
1269 4150 2822 4314 Nimm es Herr in deine Hut.
1273 4266 2727 4433 Jeder Schatz in deinen Händen
1283 4399 2911 4577 Kommt der ganzen Welt zu gut.
1498 4567 2676 4744 Plutus /: zum Herold :/
955 4730 3051 4891 Wir müſſen uns im hohen Sinne faſſen
843 4870 3041 5034 Und was geſchieht getroſt geſchehen laſſen,
860 5000 3112 5160 Du biſt ja ſonſt des ſtärkſten Muthes voll.
860 5130 3297 5307 Nun wird ſich gleich ein Gräulichſtes eräugnen,
884 5236 3341 5430 Hartnäckig wird es Welt und Nachwelt läugnen,
880 5348 2979 5539 Du ſchreib es treulich in dein Protocoll.
3097 800 3271 931 37
