4096 6144
1215 778 2990 1000 Mater gloriosa. /: ſchwebt einher :/
1082 962 2365 1129 Chor der Büſſerin̄en.
986 1126 2256 1303 Du ſchwebſt zu Höhen
1010 1303 2187 1464 Der ewigen Reiche,
1041 1447 2321 1624 Vernimm das Flehen
1024 1624 2102 1805 Du Ohnegleiche,
1054 1761 2211 1971 Du Gnadenreiche!
1286 1976 3044 2164 Magna peccatrix. / St Lucae VII. 36 :/
788 2140 2638 2307 Bey der Liebe, die den Füßen
805 2300 2730 2478 Deines gottverklärten Sohnes
819 2452 2979 2672 Thränen lies zum Balſam fließen,
834 2636 2739 2872 Trotz des Phariſäer=Hohnes;
829 2821 2780 3072 Beym Gefäße das ſo reichlich
849 3005 2964 3215 Tropfte Wohlgeruch hernieder,
839 3189 2831 3420 Bey den Locken die ſo weichlich
860 3328 2984 3609 Trockneten die heilgen Glieder.
1276 3563 2897 3737 Mulier Samaritana. / St. Joh. IV.
839 3720 3058 3935 Bey dem Bronn, zu dem ſchon weyland
829 3860 2723 4106 Abram lies die Heerde führen,
829 4044 2897 4249 Bey dem Eymer der dem Heyland
829 4177 2759 4444 Kühl die Lippe durft berühren;
844 4372 2688 4608 Bey der reinen reichen Quelle
849 4536 2749 4807 Die nun dorther ſich ergießet,
849 4710 2498 4976 Ueberflüſſig, ewig helle,
849 4898 2860 5147 Rings durch alle Welten fließet.
