4096 6144
3174 665 3302 773 44
1102 918 2266 1095 Hell erleuchtete Säale.
1034 1088 2505 1262 Kaiſer und Fürſten, Hof
1126 1252 2030 1406 in Bewegung.
1215 1573 2440 1737 Kämerer / zu Mephiſt :/
778 1768 3082 1945 Ihr ſeyd uns noch die Geiſterſcene ſchuldig;
761 1935 3133 2099 Macht euch daran! der Herr iſt ungeduldig.
1324 2116 1928 2245 Marſchall
764 2280 2901 2467 So eben fragt der Gnädigſte darnach;
834 2406 1126 2519 Ihr!
762 2411 3174 2652 Und zaudert nicht der Majeſtät zur Schmach.
1334 2638 1853 2812 Mephiſt.
802 2788 3147 2969 Iſt mein Cumpan doch deshalb weggegangen,
826 2959 2744 3119 Er weiß ſchon wie es anzufangen,
826 3106 2672 3266 Und laborirt verſchloſſen ſtill,
836 3266 2802 3440 Muß ganz beſonders ſich befleißen;
829 3433 3037 3590 Denn wer den Schatz, das Schöne, heben will
843 3580 3201 3764 Bedarf der höchſten Kunſt, Magie der Weiſen.
1464 3785 1996 3959 Marſchall.
863 3945 3034 4109 Was ihr für Künſte braucht iſt einerley,
853 4089 3112 4273 Der Kaiſer will daß alles fertig ſey.
1426 4249 2676 4437 Blondine. / zu Mephiſto :/
843 4423 3273 4628 Ein Wort, mein Herr! Ihr ſeht ein klar Geſicht,
832 4604 3000 4785 Jedoch ſo iſt’s im leidigen Som̄er nicht!
819 4761 3273 4939 Da ſproſſen hundert bräunlich rothe Flecken,
812 4935 3321 5137 Die zum Verdruß die weiße Haut bedecken.
819 5096 1638 5331 Ein Mittel!
