4096 6144
1920 916 3000 1121 Fauſt /: erblindet :/
1454 1116 3908 1280 Die Nacht ſcheint tiefer tief hereinzudringen
1433 1259 3505 1419 Allein im Innern leuchtet helles Licht;
1479 1372 3824 1582 Was ich gedacht ich eil es zu vollbringen;
1460 1553 3935 1716 Des Herren Wort es giebt allein Gewicht.
1474 1674 3911 1873 Vom Lager auf ihr Knechte! Mann für Mann!
1488 1843 3925 2024 Laßt glücklich ſchauen was ich kühn erſann.
1495 1996 3979 2191 Ergreift das Werkzeug, Schaufel rührt und Spaten,
1495 2140 3628 2334 Das Abgeſteckte muß ſogleich gerathen.
1505 2297 3338 2461 Auf ſtrenges Ordnen, raſchen Fleiß,
1549 2433 3314 2590 Erfolgt der allerſchönſte Preis;
1525 2570 3505 2734 Daß ſich das größte Werk vollende
1529 2699 3570 2884 Genügt Ein Geiſt für tauſend Hände.
1853 2932 3362 3119 Großer Vorhof des Pallaſts.
2263 3240 2872 3399 Fackeln.
2065 3355 3747 3553 Mephiſt. /: als Aufſeher, voran :/
1850 3517 3577 3669 Herbey herbey! herein herein!
1870 3648 3426 3819 Ihr ſchlotternden Lemuren,
1880 3775 3645 3942 Aus Ligamenten und Gebein
1867 3874 3259 4078 Geflickte Halbnaturen.
2099 4068 3102 4218 Lemuren im Chor
1863 4136 3691 4392 Wir treten dir ſogleich zur Hand,
1853 4331 3648 4522 Und, wie wir halb vernom̄en,
1870 4474 3850 4676 Es gilt wohl gar ein weites Land
1894 4621 3433 4795 Das ſollen wir bekom̄en.
1894 4782 3635 5027 Geſpitzte Pfähle die ſind da,
1899 4945 3696 5181 Die Kette lang fürs Meſſen;
1894 5114 3778 5335 Warum an uns der Ruf geſchah
1843 5266 3522 5492 Das haben wir vergeſſen.
