4096 6144
1966 721 2462 931 Baccal.
1501 921 3587 1129 Erfahrungsweſen! Schaum und Dunſt!
1553 1102 3505 1290 Und mit dem Geiſt nicht ebenbürtig
1529 1252 3498 1447 Geſteht! was man von je gewußt
1556 1419 3529 1604 Es iſt durchaus nicht wiſſenswürdig.
2030 1597 3713 1812 Mephiſt. /: nach einer Pauſe :/
1529 1788 3621 1979 Mich däucht es längſt. Ich war ein Thor,
1536 1942 3843 2143 Nun komm ich mir recht ſchaal und albern vor.
2071 2153 2662 2283 Baccalaur.
1512 2263 3737 2484 Das freut mich ſehr! da hör ich doch Verſtand
1498 2443 3754 2635 Der erſte Greis den ich vernünftig fand.
2150 2621 2727 2812 Mephiſtoph.
1498 2761 3891 2979 Du weiſt wohl nicht mein Freund wie grob du biſt
2153 2966 2570 3095 Baccal.
1501 3072 3751 3324 Im Deutſchen lügt man, wenn man höflich iſt.
2201 3273 3737 3471 Mephiſt. /: der mit ſeinem Roll„
2699 3389 3829 3556 ſtuhle immer näher ins
2713 3515 3645 3652 Proscenium rückt,
2647 3589 3456 3783 zum Parterre :/
