4096 6144
1269 768 2094 952 Homunkulus.
563 955 1703 1136 Was giebt’s zu thun?
1341 1078 3310 1280 Mephiſt /: auf eine Seitenthüre deutend :/
1460 1266 2853 1454 Hier zeige deine Gabe!
1372 1460 3246 1641 Wagner /: immer in die Phiole
2368 1570 2901 1710 ſchauend :/
587 1682 2973 1836 Fürwahr, du biſt ein allerliebſter Knabe.
918 1798 3191 2003 /: Die Seitenthür öffnet ſich, man ſieht Fauſt
1136 1949 2768 2157 auf dem Lager hingeſtreckt :/
1320 2119 2790 2385 Homunkulus. /: erſtaunt :/
609 2319 1479 2483 Bedeutend! –
979 2450 3307 2672 /: Die Phiole entſchlüpft aus Wagners Händen,
1017 2618 3218 2816 ſchwebt über Fauſt und beleuchtet ihn :/
1099 2805 3143 3020 Schön umgeben! – Klar Gewäſſer
588 2933 3148 3235 Im dichten Haine, Frau’n die ſich entkleiden;
624 3133 3143 3334 Die allerliebſten! – Das wird im̄er beſſer.
621 3304 3106 3522 Doch eine läßt ſich glänzend unterſcheiden,
597 3478 3293 3679 Aus höchſtem Helden=, wohl aus Götterſtamme;
641 3638 3256 3840 Sie ſetzt den Fuß in das durchſichtige Helle;
672 3788 3058 3938 Des edlen Körpers holde Lebensflamme
614 3921 2976 4130 Kühlt ſich im diamantbewegter Welle;
648 4089 3092 4276 Und Ruhe waltet über See und Spiegel. –
607 4253 3041 4444 Doch welch Getöſe raſch bewegter Flügel?
665 4403 3252 4642 Beym Schwanenflug beſturmt die glatte Fläche
3179 599 3276 727 61
