4096 6144
1346 972 1832 1152 Gnomen.
931 1116 2583 1303 Da trippelt ein die kleine Schaar
935 1259 2867 1477 Sie hält nicht gern ſich Paar und Paar;
2071 1372 2276 1495 mit
955 1406 2843 1614 Im mooſigen Kleid und Lämplein hell
962 1559 2812 1751 Bewegt ſichs durcheinander ſchnell,
976 1689 2751 1880 Wo jedes für ſich ſelber ſchafft,
962 1846 2856 2034 Wie Leuchtameiſen wimmelſchaft;
969 2000 2672 2174 Und wuſelt emſig hin und her,
965 2146 2826 2351 Beſchäftigt in die Kreuz und Quer.
1105 2334 2911 2529 Den from̄en Gütgen nahverwandt,
969 2484 2757 2686 Als Felschirurgen wohlbekannt;
986 2648 2809 2829 Die hohen Berge ſchröpfen wir,
993 2802 2829 2962 Aus vollen Adern ſchöpfen wir;
1044 2949 2703 3126 Metalle ſtürzen wir zu Hauf,
1037 3085 3222 3287 Mit Grruß getroſt: Glück auf! Glück auf!
1024 3263 3215 3433 Das iſt von Grund aus wohlgemeynt
1037 3416 3153 3587 Wir ſind der guten Menſchen Freund.
1030 3570 2860 3737 Doch bringen wir das Gold zu Tag
1044 3713 3017 3877 Damit man ſtehlen und kuppeln mag,
1041 3860 3085 4051 Nicht Eiſen fehle dem ſtolzen Mann,
1047 4027 2880 4184 Der allgemeinen Mord erſann.
1044 4171 2990 4345 Und wer die drey Gebot veracht
1030 4321 3092 4498 Sich auch nichts aus den andern macht.
1027 4481 2809 4655 Das alles iſt nicht unſre Schuld,
1037 4611 3072 4836 Drum habt ſofort wie wir Geduld.
3013 764 3184 942 36
