4096 6144
1071 849 2276 1020 weiter Ziergarten,
1326 686 1894 875 Pallaſt.
935 979 2519 1198 großer gradgeführter Canal.
1331 1163 3297 1361 Fauſt. /: im höchſten Alter wandelnd,
1925 1293 2829 1464 nachdenkend :/
802 1437 3338 1682 Lynceus Der Thürmer. /: durchs Sprachrohr :/
812 1634 2727 1826 Die Sonne ſinkt, die letzten Schiffe
846 1795 2607 1979 Sie ziehen munter hafenein.
860 1918 2897 2143 Ein großer Kahn iſt im Begriffe
849 2085 2829 2263 Auf dem Kanale hier zu ſeyn.
849 2218 2880 2392 Die bunten Wimpel wehen fröhlich,
843 2368 2863 2546 Die ſtarren Maſten ſtehn bereit,
853 2495 3198 2699 In dir preiſt ſich der Bootsmann ſelig,
860 2641 3020 2860 Dich grüßt das Glück zur höchſten Zeit.
1187 2780 3251 3025 /: das Glöckchen läutet auf der Düne :/
1372 2986 2836 3174 Fauſt. /: auffahrend :/
887 3150 3102 3338 Verdammtes Läuten! Allzuſchändlich
793 3276 3123 3512 Verwundets, wie ein tückiſcher Schuß,
819 3450 2938 3676 Vor Augen iſt mein Reich unendlich,
783 3594 3123 3850 Im Rücken neckt mich der Verdruß,
907 3809 3106 4010 Erinnert mich durch neidiſche Laute:
901 3993 2993 4174 Mein Hochbeſitzer iſt nicht rein,
904 4164 3072 4328 Der Lindenraum, die braune Baute,
877 4331 3147 4512 Das morſche Kirchlein iſt nicht mein.
880 4464 3220 4720 Und wünſcht' ich dort mich zu erholen,
788 4638 3138 4884 Vor fremden Schatten ſchaudert mir,
814 4823 3153 5053 Iſt Dorn den Augen, Dorn den Solen,
885 4997 3143 5242 O! wär ich weit hinweg von hier!
