4096 6144
2083 762 2411 942 Meph.
1508 948 3382 1109 Hier dacht’ ich lauter Unbekannte,
1495 1119 3447 1266 Und finde leider Nahverwandte;
1498 1269 3444 1437 Es iſt ein altes Buch zu blättern:
2157 1447 3727 1631 zum Peneus im̄er Vettern!
2000 1652 2549 1850 Empuſe.
1522 1822 3536 2024 Entſchieden weiß ich gleich zu handeln,
1474 1996 3624 2164 In vieles könnt’ ich mich verwandeln;
1464 2177 3331 2375 Doch euch zu Ehren hab’ ich jetzt
1471 2344 3345 2549 Das Eſelsköpfchen aufgeſetzt.
2030 2607 2413 2775 Meph.
1450 2737 3580 2925 Ich merk’ es hat bey dieſen Leuten
1433 2914 3720 3112 Verwandtſchaft Großes zu bedeuten;
1450 3123 3764 3310 Doch mag ſich was auch will eräugnen,
1454 3283 3607 3485 Den Eſelskopf möcht’ ich verläugnen.
1989 3536 2587 3642 Lamien.
1477 3676 3525 3870 Laß dieſe Garſtige, ſie verſcheucht,
1457 3853 3577 4034 Was irgend ſchön und lieblich däucht;
1498 4017 3543 4184 Was irgend ſchön und lieblich wär,
1474 4201 3652 4358 Sie kommt heran, es iſt nicht mehr!
2095 4396 2457 4560 Meph.
1416 4563 3747 4785 Auch dieſe Mühmchen, zart und ſchmächtig,
1488 4761 3532 4935 Sie ſind mir alleſamt verdächtig;
1495 4901 3723 5106 Und hinter ſolcher Wänglein Roſen
1437 5072 3553 5259 Fürcht’ ich doch auch Metamorphoſen.
