4096 6144
1693 880 3167 1078 Gleich dem fertigen Schmetterling
1696 1061 3119 1221 Der aus ſtarrem Puppenzwang
1686 1194 3263 1385 Flügel entfaltend behendig ſchlüpft
1713 1344 3242 1529 Sonne durchſtrahlten Aether kühn
1723 1491 3112 1696 Und muthwillig durchflatternd.
1867 1737 3031 1884 So auch er der behendeſte,
1744 1884 3116 2061 Daß er Dieben und Schälken,
1737 2061 3116 2228 Vortheil ſuchenden allen auch
1747 2222 2990 2375 Ewig günſtiger Dämon ſey.
1733 2355 2938 2556 Dieß bethätigt er alſobald
1737 2525 3061 2696 Durch gewandteſte Künſte.
1727 2696 3348 2880 Schnell des Meres Beherrſcher ſtiehlt
1710 2850 3362 3010 Er den Trident, ja dem Ares ſelbſt
1720 2990 3392 3170 Schlau das Schwerdt aus der Scheide:
1723 3136 3365 3324 Bogen und Pfeil dem Phöbus auch,
1696 3317 3184 3495 Wie dem Hephäſtos die Zange;
1727 3474 3116 3655 Selber Zeus, des Vaters, Blitz
1720 3642 3440 3819 Nähm’ er, ſchreckt’ ihn das Feuer nicht;
1703 3799 2949 3956 Doch dem Eros ſiegt er ob
1716 3921 3201 4109 In beinſtellendem Ringerſpiel,
1727 4061 3474 4273 Raubt auch Cyprien, wie ſie ihm kos’t,
1730 4225 3092 4440 Noch vom Buſen den Gürtel.
2351 4399 3761 4580 /: Ein reizendes, reinmelodiſches
2365 4570 3901 4758 Saitenſpiel erklingt aus der Höhle.
2375 4710 3840 4884 Alle merken auf und ſcheinen bald
2392 4860 3771 5024 innig gerührt. Von hier an bis
2389 5000 3747 5191 zur bemerkten Pauſe durchaus mit
2399 5147 3321 5335 vollſtimmiger Muſik.)
