4096 6144
1351 774 3498 938 Sprach ich vernünftig wie ichs angeſchaut,
1365 911 3635 1095 Erklang der Widerſpruch gedoppelt laut;
1372 1068 3809 1225 Mußt ich ſogar vor widerwärtigen Streichen
1365 1204 3744 1375 Zur Einſamkeit, zur Wilderniß entweichen,
1368 1365 3744 1542 Und um nicht ganz verſäumt, allein zu leben
1382 1512 3638 1689 Mich doch zuletzt dem Teufel übergeben.
2071 1686 2457 1870 Meph.
1358 1832 3693 2013 Und hätteſt du den Ocean durchſchwom̄en
1348 2000 3164 2177 Das Gränzenloſe dort geſchaut,
1361 2140 3805 2321 So ſähſt du dort doch Well auf Welle kom̄en,
1355 2314 3781 2498 Selbſt wenn es dir vorm Untergange graut.
1368 2478 3822 2648 Du ſähſt doch etwas. Sähſt wohl in der Grüne
1389 2631 3594 2788 Geſtillter Meere ſtreichende Delphine,
1392 2744 3793 2964 Sähſt Wolken ziehen, Sonne, Mond und Sterne;
1413 2935 3788 3123 Nichts wirſt du ſehen in ewig leerer Ferne,
1368 3089 3457 3273 Den Schritt nicht hören den du thuſt,
1406 3242 3392 3437 Nichts Feſtes finden wo du ruhſt.
2000 3416 2420 3601 Fauſt.
1361 3563 3763 3809 Du ſprichſt als erſter aller Myſtagogen,
1397 3747 3589 3973 Die treue Neophyten je betrogen;
1396 3928 3785 4096 Nur umgekehrt. Du ſendeſt mich ins Leere,
1375 4068 3802 4249 Damit ich dort ſo Kunſt als Kraft vermehre.
1382 4198 3560 4389 Behandelſt mich, daß ich, wie jene Katze,
1365 4345 3737 4526 Dir die Kaſtanien aus den Gluten kratze.
1402 4491 3799 4642 Nur immer zu! wir wollen es ergründen,
1416 4608 3788 4809 In deinem Nichts hoff ich das All zu finden.
