4096 6144
1454 798 3628 983 Welch ein Gepraſſel! Welch ein Ziſchen!
1440 948 3703 1119 Ein Donnern, Windgethüm dazwiſchen! –
1409 1092 3310 1266 Demüthig zu des Thrones Stufen! –
1418 1223 3425 1438 Verzeiht! Ich hab’ es hergerufen.
2211 1385 3826 1600 /: Wirft ſich aufs Angeſicht :/
2078 1529 2488 1699 Thales.
1433 1665 3734 1850 Was dieſer Mann nicht alles hört’ und ſah!
1426 1819 3365 1996 Ich weiß nicht recht wie uns geſchah;
1385 1976 3655 2140 Auch hab’ ich’s nicht mit ihm empfunden.
1440 2129 3751 2310 Geſtehen wir, es ſind verrückte Stunden,
1447 2297 3382 2467 Und Luna wiegt ſich ganz bequem
1426 2457 3396 2618 An ihrem Platz ſo wie vordem.
2037 2648 2628 2833 Homunk.
1402 2781 3430 2983 Schaut hin nach der Pygmäen Sitz,
1426 2952 3648 3130 Der Berg war rund, jetzt iſt er ſpitz.
1397 3077 3476 3287 Ich ſpürt’ ein ungeheures Prallen,
1406 3259 3700 3406 Der Fels war aus dem Mond gefallen,
1416 3413 3406 3607 Gleich hat er, ohne nachzufragen,
1437 3560 3860 3768 So Freund als Feind gequetſcht, erſchlagen.
1406 3734 3413 3898 Doch muß ich ſolche Künſte loben,
1402 3901 3447 4085 Die, ſchöpferiſch, in einer Nacht,
1396 4072 3505 4218 Zugleich von unten und von oben,
1443 4205 3611 4399 Dies Berggebäu zu Stand gebracht.
2048 4357 2565 4567 Thales.
1450 4526 3461 4713 Sey ruhig! Es war nur gedacht.
1430 4696 3498 4860 Sie fahre hin die garſtige Brut!
1409 4846 3502 5027 Daß du nicht König warſt iſt gut.
1430 4993 3706 5160 Nun fort zum heitern Meeresfeſte,
1430 5116 3781 5338 Dort hofft und ehrt man Wundergäſte.
1945 5263 3051 5529 /: entfernen ſich :/
