4096 6144
1413 802 3259 979 Fauſt /: auf den Mittelſten deutend :/
795 948 2942 1126 So folge denn auch dieſer deinem Wort.
1419 1116 2928 1293 Habebald. /: Tritt hervor :/
853 1290 2908 1460 Dem Heldenmuth der Kaiſerſchaaren
812 1443 2850 1617 Soll ſich der Durſt nach Beute paaren;
822 1573 2635 1778 Und allen ſey das Ziel geſtellt:
836 1723 2689 1928 Des Gegenkaiſers reiches Zelt.
894 1867 3027 2071 Er prahlt nicht lang auf ſeinem Sitze,
836 2030 3232 2242 Ich ordne mich dem Phalanx an die Spitze.
1416 2222 3457 2420 Eilebeute. /: Markedenterin, ſich
853 2488 2672 2669 Bin ich auch ihm nicht angeweibt,
2017 2382 3170 2539 ihn anſchmiegend :/
983 2628 2826 2785 Er mir der liebſte Buhle bleibt.
866 2778 2993 2955 Für uns iſt ſolch ein Herbſt gereift!
853 2949 3085 3112 Die Frau iſt grimmig wenn ſie greift,
894 3089 2969 3280 Iſt ohne Schonung wenn ſie raubt;
880 3249 3170 3403 Im Sieg voran! und alles iſt erlaubt.
1426 3399 1976 3525 Ob. Feldh.
2495 3348 3085 3491 /: beyde ab :/
808 3532 3116 3710 Auf unſre Linke, wie vorauszu‿ſehn,
887 3717 3123 3898 Stürzt ihre Rechte, kräftig. Widerſtehn
897 3870 3454 4065 Wird, Mann für Mann, dem wüthenden Beginnen
873 4051 3218 4259 Den engen Paß des Felswegs zu gewinnen.
863 4382 3068 4556 So bitte Herr auch dieſen zu bemerken,
1423 4249 3351 4447 Fauſt. /: winkt nach der Linken :/
897 4495 3423 4713 Es ſchadet nichts wenn Starke ſich verſtärken.
1378 4679 2856 4887 Haltefeſt. /: tritt vor :/
959 4843 2816 5024 Dem linken Flügel keine Sorgen!
959 4986 2829 5164 Da wo ich bin iſt der Beſitz geborgen,
979 5123 2693 5307 In ihm bewähret ſich der Alte,
976 5280 3027 5468 Kein Strahlblitz ſpaltet was ich halte.
2897 5396 3229 5567 /: ab :/
