<?xml version="1.0" encoding="UTF-8"  standalone="yes"?>
<PcGts xmlns="http://schema.primaresearch.org/PAGE/gts/pagecontent/2019-07-15" xmlns:xsi="http://www.w3.org/2001/XMLSchema-instance" xsi:schemaLocation="http://schema.primaresearch.org/PAGE/gts/pagecontent/2019-07-15 http://schema.primaresearch.org/PAGE/gts/pagecontent/2019-07-15/pagecontent.xsd">
  <Metadata>
	<Creator>escriptorium</Creator>
	<Created>2023-07-08T12:30:09.476749+00:00</Created>
        <LastChange>2023-07-08T12:30:09.476762+00:00</LastChange>

  </Metadata>
  <Page imageFilename="391098_0343_0.jpg" imageWidth="4096" imageHeight="6144">

    
    <TextRegion id="eSc_textblock_c846c286"  custom="structure {type:text;}">
      <Coords points="2457,737 2781,778 2945,1092 2959,1402 3013,1501 2945,2672 3054,2853 3054,3013 3177,3140 3218,3467 3150,4788 2877,5034 2385,5089 1406,5075 1119,5130 1064,5034 1105,4433 1078,3413 1034,3328 778,3287 778,3167 996,3041 1024,2891 983,819 1064,750 2457,737"/>
      
      
      <TextLine id="eSc_line_b08f33e0" custom="structure {type:default;}">
        <Coords points="1020,884 1020,914 1143,914 1146,914 1208,955 1211,955 1215,955 1218,955 1221,955 1314,921 1389,921 1416,948 1416,952 1419,952 1423,952 1426,955 1566,955 1566,952 1570,952 1573,952 1614,918 1638,931 1641,931 1645,931 1778,911 1867,942 1870,942 1873,942 1877,942 1880,942 1908,925 2065,945 2068,945 2071,945 2075,945 2116,907 2290,901 2327,901 2331,901 2389,942 2392,942 2396,942 2399,945 2464,945 2464,942 2754,894 2754,863 2747,802 2461,754 2457,754 2454,754 2362,778 2269,757 2266,757 2263,757 2259,757 2208,802 2208,805 2167,805 2160,802 2078,761 2075,761 2071,761 2068,761 2065,761 2010,802 2007,805 2000,802 1945,788 1942,788 1938,788 1935,788 1894,805 1877,812 1682,812 1675,805 1631,764 1628,764 1624,764 1621,764 1617,764 1614,764 1549,805 1532,812 1341,808 1338,805 1273,771 1269,771 1051,771 1047,771 1044,771 1041,771 1041,774 1017,795 1020,884"/>
        <Baseline points="1020,884 2754,863"/>
        <TextEquiv>
          <Unicode>Kluger Herren kühne Knechte</Unicode>
        </TextEquiv>
      </TextLine>

      
      
      <TextLine id="eSc_line_30a010b8" custom="structure {type:default;}">
        <Coords points="1034,1020 1034,1088 1150,1085 1153,1085 1239,1047 1505,1075 1600,1085 1604,1085 1727,1068 1918,1044 1989,1061 1993,1061 1996,1061 2000,1061 2013,1061 2119,1047 2150,1058 2191,1071 2194,1071 2198,1071 2201,1071 2235,1054 2263,1041 2290,1051 2304,1058 2307,1058 2310,1058 2628,1047 2693,1078 2696,1078 2699,1078 2703,1078 2788,1037 2788,1010 2781,959 2624,959 2621,955 2573,931 2570,931 2566,931 2454,955 2450,955 2447,955 2379,928 2375,928 2372,928 2368,928 2304,948 2273,925 2269,925 2266,925 2263,925 2259,925 2201,955 2198,955 2160,925 2157,925 2153,925 2150,925 2146,925 2058,952 2048,955 2037,952 1989,935 1986,935 1983,935 1979,935 1918,952 1894,959 1873,952 1826,931 1822,931 1819,931 1815,931 1774,952 1757,959 1672,952 1515,935 1512,935 1508,935 1481,948 1460,962 1447,948 1423,928 1419,928 1416,928 1413,928 1030,945 1034,1020"/>
        <Baseline points="1034,1020 2788,1010"/>
        <TextEquiv>
          <Unicode>Gruben Gräben, dämmten ein,</Unicode>
        </TextEquiv>
      </TextLine>

      
      
      <TextLine id="eSc_line_601ed97f" custom="structure {type:default;}">
        <Coords points="1024,1174 1024,1242 1184,1242 1184,1239 1187,1239 1198,1235 1286,1194 1351,1194 1378,1218 1378,1221 1382,1221 1385,1221 1389,1221 1392,1221 1474,1194 1508,1215 1512,1215 1515,1215 1518,1215 1675,1187 1798,1187 1829,1211 1832,1215 1836,1215 1839,1215 1843,1215 1938,1208 2010,1201 2030,1204 2136,1221 2140,1221 2143,1221 2146,1221 2181,1201 2314,1204 2317,1204 2321,1204 2324,1204 2324,1201 2334,1191 2348,1181 2426,1187 2665,1215 2669,1215 2672,1215 2676,1215 2676,1211 2699,1187 2727,1201 2730,1201 2734,1201 2737,1201 2740,1201 2768,1177 2887,1170 2887,1143 2880,1071 2703,1064 2699,1064 2696,1064 2662,1075 2628,1085 2618,1075 2594,1054 2594,1051 2590,1051 2587,1051 2542,1051 2539,1051 2536,1051 2532,1051 2532,1054 2505,1078 2498,1085 2478,1078 2420,1058 2416,1058 2413,1058 2409,1058 2406,1058 2372,1082 2355,1092 2170,1092 2164,1085 2150,1075 2150,1071 2146,1071 2143,1071 2140,1071 2075,1085 2048,1061 2044,1061 2041,1061 1846,1061 1843,1061 1669,1095 1631,1105 1488,1105 1484,1099 1457,1078 1457,1075 1454,1075 1450,1075 1447,1075 1443,1075 1382,1102 1372,1105 1344,1102 1112,1075 1109,1075 1105,1075 1102,1075 1061,1109 1061,1112 1020,1112 1024,1174"/>
        <Baseline points="1024,1174 2887,1143"/>
        <TextEquiv>
          <Unicode>Schmälerten des Meeres Rechte</Unicode>
        </TextEquiv>
      </TextLine>

      
      
      <TextLine id="eSc_line_56956bfa" custom="structure {type:default;}">
        <Coords points="1044,1303 1047,1378 1167,1341 1406,1327 1477,1365 1501,1375 1505,1375 1508,1378 1669,1378 1669,1375 1672,1375 1675,1375 1675,1372 1693,1355 1710,1341 1795,1351 1805,1351 1809,1351 1812,1351 1815,1351 1860,1324 1918,1341 1921,1341 1925,1341 2109,1324 2146,1338 2177,1351 2181,1351 2184,1351 2266,1338 2300,1365 2300,1368 2304,1368 2307,1368 2310,1372 2495,1372 2495,1368 2498,1368 2501,1368 2577,1320 2583,1317 2587,1320 2638,1361 2641,1361 2645,1361 2713,1365 2717,1365 2720,1365 2860,1310 2860,1286 2850,1225 2751,1232 2744,1225 2720,1204 2720,1201 2717,1201 2713,1201 2641,1198 2638,1198 2635,1198 2542,1228 2525,1235 2392,1235 2385,1232 2365,1215 2365,1211 2362,1211 2358,1211 2129,1201 2126,1201 1867,1239 1860,1239 1856,1239 1771,1204 1768,1204 1764,1204 1549,1242 1505,1208 1501,1208 1498,1208 1495,1208 1491,1208 1396,1245 1396,1249 1334,1249 1276,1249 1126,1211 1122,1211 1119,1211 1041,1245 1044,1303"/>
        <Baseline points="1044,1303 2860,1286"/>
        <TextEquiv>
          <Unicode>Herrn an ſeiner Statt zu ſeyn.</Unicode>
        </TextEquiv>
      </TextLine>

      
      
      <TextLine id="eSc_line_a069a25b" custom="structure {type:default;}">
        <Coords points="1027,1447 1027,1518 1122,1518 1122,1515 1126,1515 1129,1515 1133,1512 1191,1471 1249,1508 1252,1512 1256,1512 1259,1512 1433,1515 1437,1515 1440,1515 1477,1498 1546,1464 1873,1454 1942,1481 2017,1508 2020,1508 2024,1508 2027,1508 2112,1471 2157,1454 2263,1454 2280,1464 2344,1505 2348,1505 2351,1505 2355,1508 2464,1508 2464,1505 2467,1505 2471,1505 2471,1501 2501,1474 2594,1501 2597,1501 2600,1501 2604,1501 2607,1501 2679,1450 2778,1443 2781,1430 2771,1324 2682,1372 2655,1372 2611,1331 2611,1327 2607,1327 2604,1327 2600,1327 2597,1327 2587,1331 2495,1372 2420,1338 2416,1338 2413,1338 2409,1338 2406,1338 2365,1375 2321,1375 2276,1341 2263,1331 2259,1331 2256,1331 2024,1331 2020,1331 2017,1331 2013,1331 1986,1351 1979,1358 1962,1355 1877,1331 1873,1331 1870,1331 1867,1331 1805,1358 1778,1375 1440,1385 1389,1385 1378,1375 1338,1344 1334,1344 1331,1344 1266,1344 1262,1344 1259,1344 1256,1344 1221,1372 1126,1338 1122,1338 1119,1338 1116,1338 1024,1382 1027,1447"/>
        <Baseline points="1027,1447 1802,1426 2781,1430"/>
        <TextEquiv>
          <Unicode>Schaue grünend Wieſ’ an Wieſe</Unicode>
        </TextEquiv>
      </TextLine>

      
      
      <TextLine id="eSc_line_815a5e1c" custom="structure {type:default;}">
        <Coords points="1006,1594 1006,1628 1105,1614 1136,1631 1174,1648 1177,1648 1181,1648 1365,1628 1385,1641 1389,1641 1392,1641 1396,1641 1399,1641 1430,1624 1454,1611 1471,1624 1491,1641 1495,1641 1498,1641 1501,1645 1604,1645 1604,1641 1607,1641 1669,1621 1706,1607 1727,1617 1754,1638 1757,1638 1761,1638 1764,1638 1768,1638 1771,1638 1798,1621 1925,1638 1928,1638 1931,1638 1935,1638 1962,1614 1972,1607 1983,1614 2020,1634 2024,1634 2027,1634 2030,1634 2034,1634 2061,1614 2078,1604 2140,1611 2198,1617 2201,1617 2205,1617 2232,1611 2276,1597 2467,1597 2481,1604 2508,1628 2512,1628 2515,1628 2519,1628 2628,1604 2682,1628 2686,1628 2689,1628 2693,1628 2737,1604 2795,1624 2798,1624 2802,1624 2805,1624 2809,1624 2850,1597 2986,1594 2986,1570 2983,1498 2740,1460 2737,1460 2631,1481 2505,1464 2501,1464 2498,1464 2495,1464 2447,1505 2443,1508 2368,1508 2365,1505 2307,1467 2304,1467 2300,1467 2297,1467 2293,1467 2225,1505 2170,1474 2167,1474 2068,1471 2065,1471 2061,1471 1983,1512 1979,1512 1949,1512 1737,1495 1733,1495 1730,1495 1682,1515 1679,1515 1583,1477 1580,1477 1576,1477 1573,1477 1491,1512 1300,1518 1293,1518 1252,1484 1252,1481 1249,1481 1245,1481 1242,1481 1003,1522 1006,1594"/>
        <Baseline points="1006,1594 2112,1566 2986,1570"/>
        <TextEquiv>
          <Unicode>Anger, Garten, Dorf und Wald. –</Unicode>
        </TextEquiv>
      </TextLine>

      
      
      <TextLine id="eSc_line_bf59bf05" custom="structure {type:default;}">
        <Coords points="1037,1723 1037,1747 1276,1771 1280,1771 1402,1747 1508,1768 1512,1768 1515,1768 1604,1740 1607,1740 1611,1740 1672,1764 1675,1764 1679,1768 1853,1768 1853,1764 1856,1764 1918,1737 1918,1733 2187,1733 2259,1757 2263,1757 2266,1761 2471,1761 2471,1757 2679,1754 2682,1754 2761,1723 2761,1703 2757,1652 2693,1614 2689,1614 2686,1614 2566,1614 2563,1614 2560,1614 2556,1614 2556,1617 2536,1634 2420,1634 2416,1634 2413,1634 2409,1634 2372,1658 2286,1658 2259,1634 2259,1631 2256,1631 2252,1631 2249,1631 2245,1631 2211,1648 2160,1621 2157,1621 2153,1621 2000,1658 1962,1624 1962,1621 1959,1621 1955,1621 1894,1621 1890,1621 1887,1621 1819,1645 1802,1631 1802,1628 1798,1628 1795,1628 1792,1628 1788,1628 1720,1662 1716,1665 1460,1665 1447,1662 1365,1634 1361,1634 1358,1634 1355,1634 1280,1662 1262,1669 1252,1662 1191,1631 1187,1631 1184,1631 1181,1631 1112,1648 1068,1631 1064,1631 1061,1631 1058,1631 1054,1631 1054,1634 1034,1652 1037,1723"/>
        <Baseline points="1037,1723 2761,1703"/>
        <TextEquiv>
          <Unicode>Kom̄ nun aber und genieße</Unicode>
        </TextEquiv>
      </TextLine>

      
      
      <TextLine id="eSc_line_8b86ce1e" custom="structure {type:default;}">
        <Coords points="1013,1867 1013,1897 1194,1897 1245,1921 1249,1921 1252,1921 1256,1921 1259,1921 1293,1897 1464,1931 1467,1931 1471,1931 1549,1904 1699,1911 1703,1911 1706,1911 1747,1894 1792,1928 1795,1928 1798,1928 1802,1928 2027,1925 2030,1925 2102,1897 2170,1911 2174,1911 2177,1911 2181,1911 2211,1890 2457,1918 2461,1918 2580,1890 2740,1904 2744,1904 2747,1904 2751,1904 2788,1873 2860,1870 2860,1843 2853,1788 2618,1761 2614,1761 2611,1761 2549,1785 2522,1764 2519,1764 2515,1764 2372,1764 2368,1764 2365,1764 2321,1788 2242,1768 2239,1768 2235,1768 2232,1768 2228,1768 2198,1795 2194,1795 2191,1795 2102,1781 2099,1781 2095,1781 2061,1798 2054,1802 1976,1802 1972,1798 1928,1771 1925,1771 1921,1771 1918,1771 1914,1771 1805,1798 1792,1802 1774,1802 1583,1774 1580,1774 1576,1774 1515,1795 1348,1778 1344,1778 1341,1778 1338,1778 1303,1805 1303,1809 1208,1809 1204,1809 1157,1781 1153,1781 1150,1781 1146,1781 1143,1781 1116,1805 1010,1809 1013,1867"/>
        <Baseline points="1013,1867 2860,1843"/>
        <TextEquiv>
          <Unicode>Denn die Sonne ſcheidet bald. –</Unicode>
        </TextEquiv>
      </TextLine>

      
      
      <TextLine id="eSc_line_40c6c15c" custom="structure {type:default;}">
        <Coords points="1010,2017 1010,2054 1201,2048 1211,2058 1249,2092 1249,2095 1252,2095 1256,2095 1259,2095 1262,2095 1348,2075 1406,2106 1409,2106 1413,2109 1495,2109 1495,2106 1498,2106 1501,2106 1587,2054 1686,2065 1689,2065 1693,2065 1696,2065 1713,2051 1720,2044 1727,2051 1774,2088 1778,2088 1781,2088 1785,2088 1788,2088 1792,2088 1829,2058 1931,2058 1979,2058 2020,2095 2020,2099 2024,2099 2027,2099 2030,2102 2208,2102 2208,2099 2211,2099 2215,2099 2283,2044 2290,2041 2327,2044 2457,2054 2498,2092 2498,2095 2501,2095 2505,2095 2508,2099 2676,2099 2676,2095 2679,2095 2682,2095 2740,2048 2962,2034 2966,2003 2949,1904 2911,1931 2856,1914 2853,1914 2850,1914 2846,1914 2843,1914 2809,1942 2583,1914 2522,1908 2519,1908 2471,1911 2467,1911 2464,1911 2464,1914 2461,1918 2433,1949 2392,1949 2362,1921 2351,1911 2348,1911 2344,1911 2341,1911 2338,1911 2310,1921 2249,1945 2133,1925 2119,1925 2116,1925 2102,1925 2037,1942 1983,1928 1925,1914 1921,1914 1918,1914 1914,1914 1911,1914 1890,1931 1867,1952 1781,1952 1757,1935 1727,1914 1723,1914 1720,1914 1645,1914 1641,1914 1638,1914 1634,1914 1594,1938 1587,1945 1576,1938 1539,1914 1536,1914 1532,1914 1529,1914 1525,1914 1522,1914 1491,1942 1477,1952 1443,1942 1361,1918 1358,1918 1355,1918 1351,1918 1259,1949 1242,1952 1232,1949 1174,1918 1170,1918 1167,1918 1163,1918 1160,1918 1160,1921 1126,1952 1122,1955 1006,1955 1010,2017"/>
        <Baseline points="1010,2017 2966,2003"/>
        <TextEquiv>
          <Unicode>Dort im Fernſten ziehen Seegel!</Unicode>
        </TextEquiv>
      </TextLine>

      
      
      <TextLine id="eSc_line_c7555c38" custom="structure {type:default;}">
        <Coords points="1061,2164 1061,2201 1181,2235 1184,2235 1187,2239 1239,2239 1239,2235 1242,2235 1245,2235 1293,2198 1300,2198 1358,2198 1382,2198 1437,2232 1440,2232 1443,2232 1447,2235 1723,2235 1723,2232 1727,2232 1730,2232 1774,2194 1829,2228 1832,2228 1836,2228 1839,2232 1904,2232 1904,2228 1908,2228 1911,2228 1972,2191 2037,2211 2041,2211 2044,2211 2048,2211 2106,2191 2225,2225 2228,2225 2232,2225 2235,2225 2239,2225 2290,2187 2409,2215 2413,2215 2416,2215 2471,2184 2590,2181 2590,2150 2587,2099 2505,2075 2501,2075 2498,2075 2495,2075 2430,2095 2375,2048 2372,2048 2368,2048 2273,2048 2269,2048 2266,2048 2263,2048 2191,2095 2184,2102 2034,2102 2024,2095 1949,2054 1945,2054 1942,2054 1938,2054 1809,2095 1785,2102 1764,2095 1686,2061 1682,2061 1679,2061 1675,2061 1672,2061 1621,2095 1604,2102 1273,2095 1269,2092 1218,2058 1215,2058 1211,2058 1082,2058 1078,2058 1075,2058 1071,2058 1071,2061 1068,2061 1058,2071 1061,2164"/>
        <Baseline points="1061,2164 2590,2150"/>
        <TextEquiv>
          <Unicode>Suchen nächtlich ſichern Port.</Unicode>
        </TextEquiv>
      </TextLine>

      
      
      <TextLine id="eSc_line_7f253b67" custom="structure {type:default;}">
        <Coords points="1078,2321 1406,2351 1409,2351 1413,2351 1495,2327 1539,2368 1542,2368 1546,2368 1549,2372 1812,2372 1812,2368 1815,2368 1819,2368 1863,2334 2068,2331 2112,2368 2112,2372 2116,2372 2119,2372 2123,2372 2126,2372 2222,2331 2495,2331 2549,2372 2553,2372 2556,2372 2560,2375 2665,2375 2665,2372 2669,2372 2747,2331 2843,2372 2846,2372 2850,2372 2853,2372 2856,2372 2904,2327 2908,2304 2908,2228 2863,2211 2860,2211 2856,2211 2853,2211 2812,2225 2781,2239 2764,2225 2723,2194 2720,2194 2717,2194 2618,2194 2614,2194 2611,2194 2532,2222 2515,2228 2505,2222 2464,2194 2461,2194 2457,2194 2365,2194 2362,2194 2256,2218 2177,2239 2150,2218 2126,2194 2123,2194 2119,2194 1993,2194 1989,2194 1986,2194 1983,2194 1952,2215 1921,2235 1805,2215 1754,2205 1751,2205 1747,2205 1727,2211 1675,2235 1638,2211 1614,2194 1611,2194 1607,2194 1604,2194 1600,2194 1597,2194 1573,2211 1529,2239 1167,2239 1085,2205 1082,2297 1078,2321"/>
        <Baseline points="1082,2297 2908,2304"/>
        <TextEquiv>
          <Unicode>Kennen doch ihr Neſt die Vögel,</Unicode>
        </TextEquiv>
      </TextLine>

      
      
      <TextLine id="eSc_line_e73cc5b4" custom="structure {type:default;}">
        <Coords points="1054,2454 1054,2481 1150,2481 1256,2529 1259,2529 1262,2532 1399,2532 1399,2529 1402,2529 1508,2481 1576,2515 1580,2515 1583,2515 1829,2481 1867,2508 1870,2508 1873,2508 1877,2508 1880,2508 1925,2488 1983,2525 1986,2525 1989,2525 1993,2529 2280,2529 2280,2525 2283,2525 2286,2525 2331,2491 2430,2501 2433,2501 2437,2501 2440,2501 2471,2478 2512,2495 2515,2495 2519,2495 2522,2495 2525,2495 2546,2478 2717,2491 2720,2491 2897,2471 2897,2447 2884,2355 2764,2385 2621,2368 2618,2368 2529,2385 2454,2362 2426,2355 2423,2355 2420,2355 2416,2355 2413,2355 2402,2365 2375,2382 2355,2365 2348,2362 2348,2358 2344,2358 2341,2358 2218,2355 2215,2355 2129,2372 2048,2385 2017,2372 1976,2355 1972,2355 1969,2355 1798,2358 1795,2358 1792,2358 1792,2362 1771,2379 1764,2385 1747,2379 1706,2362 1703,2362 1699,2362 1549,2382 1498,2392 1245,2392 1242,2389 1198,2358 1194,2358 1191,2358 1187,2358 1184,2358 1181,2358 1136,2392 1051,2392 1054,2454"/>
        <Baseline points="1054,2454 2897,2447"/>
        <TextEquiv>
          <Unicode>Denn jetzt iſt der Hafen dort.</Unicode>
        </TextEquiv>
      </TextLine>

      
      
      <TextLine id="eSc_line_02b184c5" custom="structure {type:default;}">
        <Coords points="1061,2618 1061,2641 2437,2645 2440,2645 2717,2621 2720,2597 2717,2522 2641,2488 2638,2488 2635,2488 2631,2488 2628,2488 2628,2491 2594,2522 2553,2488 2553,2484 2549,2484 2546,2484 2471,2484 2467,2484 2464,2484 2461,2484 2402,2525 2396,2529 2297,2529 2232,2529 2181,2501 2177,2501 2174,2501 2170,2501 2167,2501 2133,2532 2129,2532 2119,2532 1877,2495 1617,2495 1614,2495 1611,2495 1607,2495 1553,2532 1501,2498 1498,2498 1495,2498 1491,2498 1488,2498 1484,2498 1426,2542 1310,2542 1242,2501 1239,2501 1235,2501 1146,2501 1143,2501 1140,2501 1058,2542 1061,2618"/>
        <Baseline points="1061,2618 2720,2597"/>
        <TextEquiv>
          <Unicode>So erblickſt du in der Weite</Unicode>
        </TextEquiv>
      </TextLine>

      
      
      <TextLine id="eSc_line_fb742c96" custom="structure {type:default;}">
        <Coords points="1109,2809 1232,2805 1235,2805 1320,2775 1488,2792 1491,2792 1495,2792 1498,2792 1536,2771 1672,2771 1723,2792 1751,2802 1754,2802 1757,2802 1761,2802 1764,2802 1778,2788 1785,2785 1819,2788 1911,2798 1914,2798 1918,2798 1962,2785 2010,2768 2051,2781 2082,2792 2085,2792 2088,2792 2160,2778 2184,2775 2201,2778 2273,2788 2276,2788 2280,2788 2283,2788 2300,2775 2307,2771 2321,2771 2461,2795 2464,2795 2467,2795 2587,2764 2607,2761 2628,2764 2809,2792 2812,2792 2816,2792 2819,2792 2856,2757 2856,2734 2850,2665 2802,2665 2802,2662 2754,2628 2751,2628 2747,2628 2744,2628 2740,2628 2679,2652 2648,2628 2645,2628 2641,2628 2566,2628 2563,2628 2560,2628 2481,2658 2464,2669 2365,2669 2351,2658 2327,2641 2324,2641 2321,2641 2317,2641 2314,2641 2310,2641 2286,2658 2273,2665 2245,2658 2177,2635 2174,2635 2170,2635 2167,2635 2164,2635 2164,2638 2143,2655 2129,2669 1798,2676 1723,2676 1682,2652 1655,2638 1652,2638 1648,2638 1645,2638 1607,2652 1580,2658 1566,2648 1553,2638 1549,2638 1546,2638 1542,2638 1539,2638 1501,2648 1467,2658 1303,2648 1218,2641 1215,2641 1211,2641 1201,2645 1153,2665 1109,2645 1109,2751 1109,2809"/>
        <Baseline points="1109,2751 2856,2734"/>
        <TextEquiv>
          <Unicode>Erſt des Meeres blauen Saum,</Unicode>
        </TextEquiv>
      </TextLine>

      
      
      <TextLine id="eSc_line_9cd051d2" custom="structure {type:default;}">
        <Coords points="1080,2872 1075,2903 1397,2944 1402,2944 1602,2923 1653,2918 1664,2923 1704,2949 1710,2949 1715,2949 1720,2949 2053,2938 2309,2928 2979,2964 2990,2903 2979,2775 2856,2816 2764,2816 2693,2775 2672,2764 2667,2764 2662,2764 2503,2775 2232,2800 2196,2780 2181,2764 2176,2764 2170,2764 2165,2764 2160,2764 2155,2764 2155,2769 2140,2780 2119,2805 2037,2805 1981,2780 1925,2759 1920,2759 1914,2759 1745,2780 1715,2754 1715,2749 1710,2749 1704,2749 1699,2749 1080,2785 1080,2872"/>
        <Baseline points="1085,2874 2993,2908"/>
        <TextEquiv>
          <Unicode>Rechts und links, in aller Breite,</Unicode>
        </TextEquiv>
      </TextLine>

      
      
      <TextLine id="eSc_line_b14aa294" custom="structure {type:default;}">
        <Coords points="1047,3017 1044,3044 1126,3092 1129,3092 1133,3092 1136,3095 1355,3095 1355,3092 1358,3092 1447,3058 1532,3072 1536,3072 1539,3072 1542,3072 1559,3054 1614,3092 1617,3092 1621,3092 1624,3095 1788,3095 1788,3092 1792,3092 1795,3092 1863,3051 1877,3041 1928,3051 2027,3072 2030,3072 2034,3072 2088,3054 2119,3044 2164,3054 2225,3068 2228,3068 2232,3068 2235,3068 2252,3054 2266,3048 2286,3058 2317,3068 2321,3068 2324,3068 2327,3068 2372,3058 2385,3054 2392,3058 2416,3075 2420,3075 2423,3075 2426,3075 2430,3075 2433,3075 2457,3058 2484,3044 2785,3061 2788,3061 2792,3061 2836,3044 2870,3065 2877,3072 2880,3072 2884,3072 2887,3072 2928,3065 2932,3024 2928,2962 2816,2962 2816,2959 2778,2921 2778,2918 2775,2918 2771,2918 2768,2918 2682,2935 2529,2921 2525,2921 2522,2921 2409,2959 2406,2959 2402,2959 2225,2918 2222,2918 2218,2918 2215,2918 2164,2959 2160,2962 2061,2962 2054,2959 1986,2914 1983,2914 1979,2914 1976,2914 1972,2914 1897,2955 1850,2938 1846,2938 1843,2938 1740,2955 1703,2918 1703,2914 1699,2914 1696,2914 1549,2914 1546,2914 1542,2914 1539,2914 1495,2955 1491,2955 1375,2932 1372,2932 1368,2932 1365,2932 1338,2955 1334,2959 1266,2959 1262,2955 1174,2914 1170,2914 1167,2914 1163,2914 1160,2914 1105,2955 1102,2955 1047,2955 1047,3017"/>
        <Baseline points="1047,3017 2932,3024"/>
        <TextEquiv>
          <Unicode>Dichtgedrängt bewohnten Raum.</Unicode>
        </TextEquiv>
      </TextLine>

      
      
      <TextLine id="eSc_line_c43ca507" custom="structure {type:default;}">
        <Coords points="870,3107 819,3138 824,3220 824,3271 1090,3256 1136,3287 1213,3333 1218,3333 1223,3333 1228,3338 1566,3338 1566,3333 1571,3333 1576,3333 1633,3297 1704,3251 1863,3251 1935,3302 1940,3302 1945,3302 1950,3302 1955,3302 1960,3302 2099,3251 2222,3251 2298,3307 2319,3328 2324,3328 2329,3328 2334,3333 2411,3333 2411,3328 2416,3328 2421,3328 2421,3322 2437,3312 2478,3261 2616,3246 2672,3297 2672,3302 2677,3302 2682,3302 3107,3322 3112,3210 3092,3082 3041,3123 2524,3123 2498,3097 2467,3072 2462,3072 2457,3072 2452,3072 2447,3072 2375,3102 2365,3102 2350,3102 2206,3077 2201,3077 2196,3077 2129,3107 2124,3107 2109,3107 1909,3077 1904,3077 1571,3118 1500,3128 1484,3123 1397,3082 1392,3082 1387,3082 1382,3082 1300,3118 1126,3087 1121,3087 1116,3087 983,3123 921,3082 916,3082 911,3082 870,3107"/>
        <Baseline points="826,3222 2140,3205 3118,3211"/>
        <TextEquiv>
          <Unicode>/: Am Tiſche zu drey, im Gärtchen :/</Unicode>
        </TextEquiv>
      </TextLine>

      
      
      <TextLine id="eSc_line_01b648c3" custom="structure {type:default;}">
        <Coords points="1556,3358 1556,3386 2119,3396 2123,3358 2123,3287 2075,3266 2071,3266 2068,3266 2065,3266 2061,3266 2027,3293 2007,3307 1945,3307 1931,3293 1890,3259 1887,3259 1884,3259 1737,3256 1733,3256 1730,3256 1727,3256 1655,3304 1648,3307 1556,3307 1556,3358"/>
        <Baseline points="1556,3358 2123,3358"/>
        <TextEquiv>
          <Unicode>Baucis.</Unicode>
        </TextEquiv>
      </TextLine>

      
      
      <TextLine id="eSc_line_1db9d08c" custom="structure {type:default;}">
        <Coords points="1116,3512 1116,3536 1464,3556 1467,3556 1471,3556 1536,3536 1539,3536 1727,3553 1730,3553 2095,3532 2150,3529 2170,3529 2290,3549 2293,3549 2297,3549 2379,3529 2382,3529 2423,3549 2426,3549 2430,3553 2652,3553 2652,3549 2751,3529 2945,3546 2949,3546 3174,3522 3177,3498 3170,3420 3092,3420 2996,3362 2993,3362 2990,3362 2986,3362 2921,3368 2918,3368 2914,3368 2914,3372 2863,3420 2655,3420 2372,3362 2286,3362 2283,3362 2280,3362 2235,3386 2143,3365 2140,3365 2136,3365 2054,3392 2020,3365 2017,3365 2013,3365 1686,3365 1682,3365 1679,3365 1621,3389 1556,3379 1553,3379 1549,3379 1454,3430 1358,3430 1273,3372 1269,3372 1266,3372 1262,3372 1259,3372 1256,3372 1181,3430 1112,3430 1116,3512"/>
        <Baseline points="1116,3512 3177,3498"/>
        <TextEquiv>
          <Unicode>Bleibſt du ſtumm? und keinen Biſſen</Unicode>
        </TextEquiv>
      </TextLine>

      
      
      <TextLine id="eSc_line_644605f0" custom="structure {type:default;}">
        <Coords points="1129,3652 1129,3700 1204,3686 1221,3700 1245,3720 1249,3720 1252,3720 1256,3723 1481,3723 1481,3720 1484,3720 1539,3693 1566,3682 1638,3693 1696,3700 1699,3700 1703,3700 1720,3689 1747,3679 1826,3689 1884,3696 1887,3696 2030,3686 2085,3682 2092,3686 2119,3700 2123,3700 2126,3700 2239,3682 2245,3682 2314,3713 2317,3713 2321,3717 2498,3717 2498,3713 2501,3713 2563,3682 2638,3696 2641,3696 2645,3696 2696,3676 2696,3672 2751,3672 3085,3672 3112,3689 3116,3689 3119,3689 3123,3689 3126,3689 3181,3665 3181,3638 3177,3570 3143,3546 3140,3546 3136,3546 3051,3543 3048,3543 3044,3543 3041,3543 3000,3577 2986,3587 2877,3587 2867,3577 2846,3563 2843,3563 2839,3563 2836,3563 2833,3563 2792,3577 2764,3553 2764,3549 2761,3549 2757,3549 2754,3549 2751,3549 2747,3549 2713,3580 2706,3584 2689,3580 2604,3560 2600,3560 2597,3560 2553,3580 2542,3587 2536,3580 2519,3566 2515,3566 2512,3566 2508,3566 2505,3566 2461,3584 2457,3584 2454,3584 2389,3546 2385,3546 2382,3546 2379,3546 2375,3546 2321,3584 2314,3587 2290,3584 2205,3570 2201,3570 2109,3587 2078,3590 2068,3587 1996,3549 1993,3549 1928,3549 1925,3549 1921,3549 1819,3590 1815,3590 1812,3590 1723,3549 1720,3549 1716,3549 1713,3549 1655,3566 1546,3553 1542,3553 1539,3553 1536,3553 1484,3594 1481,3597 1372,3597 1368,3594 1320,3553 1317,3553 1314,3553 1225,3553 1221,3553 1218,3553 1126,3590 1129,3652"/>
        <Baseline points="1129,3652 3181,3638"/>
        <TextEquiv>
          <Unicode>Bringſt du zum verlechzten Mund?</Unicode>
        </TextEquiv>
      </TextLine>

      
      
      <TextLine id="eSc_line_c7ee93e7" custom="structure {type:default;}">
        <Coords points="1612,3809 1612,3829 2196,3829 2196,3793 2191,3727 2109,3701 2104,3701 2099,3701 1955,3727 1873,3660 1868,3660 1863,3660 1802,3660 1797,3660 1710,3665 1704,3665 1699,3665 1607,3722 1612,3809"/>
        <Baseline points="1615,3814 2197,3794"/>
        <TextEquiv>
          <Unicode>Philemon.</Unicode>
        </TextEquiv>
      </TextLine>

      
      
      <TextLine id="eSc_line_bd6805f5" custom="structure {type:default;}">
        <Coords points="1126,3927 1121,3973 1438,3952 1725,3988 1817,3998 1822,3998 1827,3998 1832,3998 1832,3993 1843,3988 1873,3962 1904,3983 1909,3983 1914,3983 1920,3983 2432,3962 2590,3998 2616,4003 2621,4003 2626,4003 2636,3998 2703,3962 3128,4003 3138,3957 3138,3865 3005,3804 3000,3804 2995,3804 2990,3804 2826,3860 2749,3804 2744,3804 2739,3804 2734,3804 2728,3804 2662,3834 2636,3809 2631,3809 2626,3809 2350,3804 2344,3804 2339,3804 2334,3804 2283,3845 2247,3819 2242,3819 2237,3819 2232,3819 2048,3850 2012,3855 1981,3850 1879,3824 1873,3824 1868,3824 1863,3824 1858,3824 1832,3850 1822,3860 1484,3860 1469,3845 1448,3824 1448,3819 1443,3819 1438,3819 1433,3819 1428,3819 1367,3840 1341,3850 1310,3840 1228,3814 1223,3814 1218,3814 1213,3814 1208,3814 1177,3840 1162,3850 1126,3840 1126,3927"/>
        <Baseline points="1129,3932 2542,3925 3142,3958"/>
        <TextEquiv>
          <Unicode>Möcht er doch vom Wunder wiſſen,</Unicode>
        </TextEquiv>
      </TextLine>

      
      
      <TextLine id="eSc_line_3ab64c3b" custom="structure {type:default;}">
        <Coords points="1122,4102 1122,4198 1341,4198 1341,4194 1344,4194 1348,4194 1358,4188 1375,4174 1406,4184 1433,4194 1437,4194 1440,4194 1549,4177 1590,4174 1614,4177 1723,4191 1727,4191 1730,4191 1733,4191 1764,4171 1826,4133 2037,4133 2071,4157 2102,4184 2106,4184 2109,4184 2112,4188 2181,4188 2181,4184 2184,4184 2187,4184 2232,4150 2259,4130 2300,4150 2382,4184 2385,4184 2389,4184 2525,4181 2529,4181 2532,4181 2594,4136 2607,4126 2665,4133 2713,4140 2717,4140 2829,4126 2874,4123 2884,4126 2935,4143 2938,4143 2942,4143 3072,4116 3072,4082 3065,3997 2819,3979 2816,3979 2812,3979 2757,4003 2689,4031 2631,4007 2614,4000 2611,4000 2607,4000 2604,4000 2573,4007 2505,4027 2488,4010 2461,3986 2461,3983 2457,3983 2454,3983 2450,3983 2235,3986 2232,3986 2140,4020 2085,4037 1969,4024 1880,4014 1877,4014 1873,4014 1846,4027 1822,4041 1696,4041 1662,4031 1532,3993 1529,3993 1525,3993 1454,4007 1450,4007 1447,4007 1447,4010 1413,4037 1406,4048 1119,4048 1122,4102"/>
        <Baseline points="1122,4102 3072,4082"/>
        <TextEquiv>
          <Unicode>Sprichſt ſo gerne, thu&#x27;s ihm kund.</Unicode>
        </TextEquiv>
      </TextLine>

      
      
      <TextLine id="eSc_line_657cc322" custom="structure {type:default;}">
        <Coords points="1624,4259 1624,4280 1785,4300 1788,4300 2075,4293 2078,4293 2126,4270 2126,4249 2123,4171 2109,4157 2109,4154 2106,4154 2102,4154 2099,4154 2095,4154 2092,4154 2061,4177 2054,4184 1931,4194 1918,4184 1887,4157 1884,4157 1880,4157 1788,4157 1785,4157 1781,4157 1621,4201 1624,4259"/>
        <Baseline points="1624,4259 2126,4249"/>
        <TextEquiv>
          <Unicode>Baucis.</Unicode>
        </TextEquiv>
      </TextLine>

      
      
      <TextLine id="eSc_line_dc09e5f4" custom="structure {type:default;}">
        <Coords points="1136,4423 1140,4468 1167,4454 1187,4468 1204,4481 1208,4481 1211,4481 1215,4481 1300,4464 1341,4457 1375,4464 1443,4478 1447,4478 1594,4461 1675,4450 1689,4457 1720,4481 1723,4481 1727,4481 1730,4481 1839,4457 1850,4454 1860,4457 1938,4485 1942,4485 1945,4485 1949,4485 2020,4454 2034,4447 2048,4454 2136,4488 2140,4488 2143,4488 2283,4468 2488,4485 2491,4485 2495,4485 2498,4485 2529,4457 2556,4481 2556,4485 2560,4485 2563,4485 2566,4488 2682,4488 2682,4485 2754,4481 2757,4481 2761,4481 2802,4444 3072,4433 3072,4406 3065,4334 2949,4334 2911,4300 2908,4300 2904,4300 2901,4300 2897,4300 2894,4300 2843,4334 2604,4334 2532,4334 2529,4334 2467,4331 2399,4276 2396,4276 2392,4276 2389,4276 2385,4276 2382,4276 2327,4324 2177,4324 2082,4273 2078,4273 1908,4273 1904,4273 1518,4276 1515,4276 1512,4276 1454,4317 1334,4280 1331,4280 1327,4280 1324,4280 1208,4345 1187,4328 1184,4328 1181,4328 1177,4328 1174,4328 1133,4341 1136,4423"/>
        <Baseline points="1136,4423 3072,4406"/>
        <TextEquiv>
          <Unicode>Wohl! ein Wunder iſts geweſen!</Unicode>
        </TextEquiv>
      </TextLine>

      
      
      <TextLine id="eSc_line_f8ab4390" custom="structure {type:default;}">
        <Coords points="1116,4602 1111,4638 1187,4674 1192,4674 1198,4679 1628,4679 1628,4674 1633,4674 1638,4674 1638,4669 1674,4633 1679,4633 1751,4659 1756,4659 1761,4659 1894,4633 1909,4633 1920,4633 2001,4669 2007,4669 2012,4669 2017,4669 2083,4638 2165,4679 2170,4679 2176,4679 2181,4679 2314,4638 2698,4638 2826,4679 2831,4679 2836,4679 2841,4679 2846,4679 2846,4674 2882,4638 2887,4613 2887,4505 2703,4464 2698,4464 2693,4464 2626,4500 2621,4505 2073,4505 2058,4495 2012,4459 2007,4459 2001,4459 1996,4459 1991,4459 1894,4490 1843,4459 1838,4459 1832,4459 1827,4459 1822,4459 1720,4490 1694,4500 1556,4500 1546,4490 1520,4464 1520,4459 1515,4459 1510,4459 1505,4459 1116,4480 1116,4602"/>
        <Baseline points="1119,4604 2890,4616"/>
        <TextEquiv>
          <Unicode>Läßt mich heute nicht in Ruh;</Unicode>
        </TextEquiv>
      </TextLine>

      
      
      <TextLine id="eSc_line_438231f5" custom="structure {type:default;}">
        <Coords points="1133,4782 1133,4816 1443,4805 1488,4816 1546,4833 1549,4833 1553,4833 1556,4833 1594,4816 1597,4812 1600,4816 1648,4857 1652,4857 1655,4857 1658,4860 1792,4860 1792,4857 1894,4846 1897,4846 1901,4846 1942,4812 1945,4809 1955,4812 2010,4819 2013,4819 2017,4819 2041,4809 2058,4802 2136,4805 2136,4809 2187,4853 2191,4853 2194,4853 2198,4857 2259,4857 2259,4853 2263,4853 2266,4853 2310,4819 2375,4853 2379,4853 2382,4857 2450,4857 2450,4853 2454,4853 2532,4809 2638,4802 2703,4799 2713,4802 2836,4850 2839,4850 2843,4850 2846,4850 2850,4850 2894,4816 2979,4833 2983,4833 2986,4833 3109,4795 3109,4771 3102,4679 2839,4662 2836,4662 2727,4689 2573,4727 2491,4703 2488,4703 2484,4703 2481,4703 2478,4703 2478,4706 2454,4730 2269,4730 2232,4703 2211,4683 2208,4683 2205,4683 2020,4666 2017,4666 2013,4666 2010,4666 2010,4669 1966,4710 1942,4734 1645,4734 1611,4720 1566,4700 1563,4700 1559,4700 1450,4724 1406,4734 1392,4727 1297,4669 1293,4669 1290,4669 1286,4669 1283,4669 1129,4727 1133,4782"/>
        <Baseline points="1133,4782 3109,4771"/>
        <TextEquiv>
          <Unicode>Denn es ging das ganze Weſen</Unicode>
        </TextEquiv>
      </TextLine>

      
      
      <TextLine id="eSc_line_9cc78690" custom="structure {type:default;}">
        <Coords points="1162,4951 1157,5089 1367,5094 1372,5094 1377,5094 1382,5094 1392,5084 1423,5058 1495,5079 1500,5079 1505,5079 1510,5079 1515,5079 1587,5032 1761,5073 1843,5094 1848,5094 1853,5094 1858,5094 1884,5073 1920,5038 2099,5038 2181,5063 2304,5104 2309,5104 2314,5104 2319,5104 2488,5058 2539,5079 2544,5079 2549,5079 2554,5079 2606,5053 2611,5048 2616,5053 2647,5079 2652,5079 2657,5079 2662,5079 2667,5079 2672,5079 2672,5073 2703,5048 2713,5043 2867,5043 2877,4971 2867,4848 2641,4894 2539,4894 2467,4848 2457,4843 2452,4843 2447,4843 2442,4843 2247,4853 2242,4853 2237,4853 2237,4858 2206,4884 2119,4853 2088,4843 2083,4843 2078,4843 2073,4843 2048,4853 1981,4879 1520,4879 1484,4858 1433,4833 1428,4833 1423,4833 1162,4858 1162,4951"/>
        <Baseline points="1163,4952 2880,4972"/>
        <TextEquiv>
          <Unicode>Nicht mit rechten Dingen zu.</Unicode>
        </TextEquiv>
      </TextLine>

      
    </TextRegion>
    

    
  </Page>
</PcGts>
