4096 6144
935 645 3164 808 Fauſt, geharniſcht mit halbgeſchloßnem Helme,
959 778 3328 945 die drey Gewaltigen, gerüſtet und gekleidet wie oben.
1392 870 1873 1044 Fauſt.
986 1006 3085 1198 Wir treten auf, und hoffen ungeſcholten;
863 1160 3208 1372 Auch ohne Noth hat Vorſicht wohl gegolten.
877 1317 3365 1495 Du weiſt das Bergvolk denkt und ſimulirt,
877 1460 3229 1652 Iſt in Natur= und Felſenſchrift ſtudirt.
894 1634 3348 1802 Die Geiſter, längſt dem flachen Land entzogen,
880 1774 3259 1962 Sind mehr als ſonſt dem Felsgebirg gewogen.
880 1931 3095 2109 ſtillSie wirken durch labyrinthiſche Klüfte,
1525 1868 1807 2027 ſtill
880 2078 3210 2273 Im edlen Gas, metalliſch reicher Düfte;
967 2206 1111 2334 In
880 2211 3394 2401 Und ſtetem Sondern, Prüfen und Verbinden,
880 2385 3230 2600 Ihr einziger Trieb iſt Neues zu erfinden.
870 2575 3210 2775 Mit leiſem Finger geiſtiger Gewalten,
884 2730 3147 2935 Erbauen ſie durchſichtige Geſtalten;
826 2877 3433 3095 Dann im Kryſtall und ſeiner ewigen Schweigniß,
839 3051 2974 3287 Erblicken ſie der Oberwelt Ereigniß.
1433 3205 1996 3430 Kaiſer.
839 3363 2995 3594 Vernom̄en hab ich’s und ich glaube dir;
849 3560 3409 3744 Doch, wackrer Mann, ſag an: was ſoll das hier.
1525 3741 1911 3935 Fauſt.
844 3866 3123 4111 Der Negromant von Norcia, der Sabiner,
884 4092 3020 4266 Iſt dein getreuer ehrenhafter Diener.
863 4246 3095 4437 Welch gräulich Schickſal droht’ ihm ungeheuer,
849 4382 3374 4592 Schon dampfts um ihn, du retteſt ihn vom Feuer.
655 4570 3386 4758 Dort Es war’s in Rom. Er bleibt dir hoch verpflichtet,
870 4724 3177 4908 Auf deinen Gang in Sorge ſtets gerichtet.
863 4884 3287 5092 Von jener Stund’ an ganz vergaß er ſich,
860 5038 3287 5263 Er fragt den Stern, die Tiefe nur für dich.
