4096 6144
1344 948 1853 1177 Phorkyas.
1044 1163 3150 1375 Tritt hervor aus flüchtigen Wolken hohe
1942 1341 2867 1518 Sonne dieſes Tags
1064 1539 3167 1740 Die verſchleiert ſchon entzückte, blendend nun im
2075 1713 2805 1884 Glanze herrſcht.
1058 1829 3317 2013 Wie die Welt ſich dir entfaltet ſchauſt du ſelbſt
2078 1993 2839 2129 mit holdem Blick.
1068 2102 3287 2321 Schelten ſie mich auch für häßlich kenn ich doch
2054 2263 2880 2437 das Schöne wohl.
1416 2409 1761 2594 Helena.
1116 2580 3310 2809 Tret ich ſchwankend aus der Oede die im Schwin„
2071 2761 2856 2904 del mich umgab,
1082 2897 3273 3085 Pflegt ich gern der Ruhe wieder, denn ſo müd
2109 3061 2969 3205 iſt mein Gebein;
1095 3177 3232 3368 Doch es ziemet Königinnen, allen Menſchen
2099 3328 2822 3464 ziemt es wohl
1085 3433 3229 3611 Sich zu faſſen, zu ermannen, was auch drohend
2109 3563 2652 3747 überraſcht.
1300 3689 1672 3840 Phork:
1119 3867 3317 4058 Stehſt du nun in deiner Großheit, deiner Schöne
2129 4031 2734 4150 vor uns da,
1116 4106 3362 4300 Sagt dein Blick, daß du befiehleſt; was befiehlſt
2109 4249 2966 4427 du? ſprich es aus.
1249 4297 1689 4437 Helena.
1051 4495 3338 4734 Eures Haders frech Verſäumniß auszugleichen
2160 4645 2768 4788 ſeyd bereit,
1051 4768 3246 4986 Eilt ein Opfer zu beſtellen wie der König
2174 4925 2713 5113 mir gebot.
