4096 6144
1438 901 1868 1121 Plutus.
931 1049 2457 1228 Dein Stab iſt wohl dazu bereit
952 1162 2688 1387 Verleih ihn mir auf kurze Zeit. –
957 1290 2831 1546 Ich tauch ihn raſch in Sud und Glut. –
969 1457 2682 1641 Nun! Masken ſeyd auf eurer Hut.
969 1590 2938 1788 Wie’s blitzt und platzt, in Funken ſprüht!
959 1744 2597 1931 Der Stab ſchon iſt er angeglüht.
969 1887 2587 2061 Wer ſich zu nah herangedrängt
959 2013 2843 2205 Iſt unbarmherzig gleich verſengt. –
962 2167 2771 2351 Jetzt fang ich meinen Umgang an.
1351 2309 2560 2534 Geſchrey und Gedräng.
962 2488 2638 2672 O weh! Es iſt um uns gethan. –
962 2606 2805 2864 Entfliehe wer entfliehen kann! –
948 2792 2764 2990 Zurück zurück du Hintermann –
993 2935 2785 3130 Mir ſprüht es heiß ins Angeſicht. –
1781 3041 2206 3164 glühenden
983 3056 2923 3266 Mich drückt des heißen Stabs Gewicht –
983 3222 2754 3375 Verloren ſind wir all und all. –
938 3351 2802 3529 Zurück zurück du Maskenſchwall!
969 3474 2802 3662 Zurück zurück unſinniger Hauf –
1469 3589 1812 3712 Flügel
996 3618 2430 3826 O hätt’ ich flög ich auf. –
1500 3778 1986 3957 Plutus.
996 3898 2843 4082 Schon iſt der Kreis zurückgedrängt
979 4065 2880 4232 Und niemand glaub ich iſt verſengt
996 4222 1996 4355 Die Menge weicht;
1000 4345 2191 4495 Sie iſt verſcheucht. –
996 4461 2839 4642 Doch ſolcher Ordnung Unterpfand
976 4611 2713 4775 Zieh ich ein unſichtbares Band.
1580 4730 2003 4898 Herold.
1006 4870 2962 5031 Du haſt ein herrlich Werk vollbracht
1041 5003 2846 5154 Wie dank ich deiner klugen Macht.
1634 5120 2024 5287 Plutus
1017 5215 2887 5382 Noch braucht es edler Freund Geduld
1030 5382 2884 5560 Es droht noch mancherley Tummult.
3003 750 3194 907 34
