4096 6144
587 846 2740 1030 Ganz eigen iſt’s mit mythologiſcher Frau;
573 1003 3177 1174 Der Dichter bringt ſie, wie er’s braucht zur Schau:
590 1174 2662 1348 Nie wird ſie mündig, wird nicht alt,
597 1338 2239 1495 Stets appetitlicher Geſtalt,
610 1471 2996 1665 Wird jung entführt, im Alter noch umfreyt;
624 1641 2597 1850 G’enug, den Poeten bindet keine Zeit.
1317 1795 1774 1969 Fauſt.
628 1945 2911 2167 So ſey auch ſie durch keine Zeit gebunden!
638 2119 2969 2321 Hat doch Achill auf Pherä ſie gefunden,
658 2259 3112 2484 Selbſt außer aller Zeit. Welch ſeltnes Glück:
669 2443 2839 2658 Erungene Liebe gegen das Geſchick!
682 2641 3000 2826 Und ſollt ich nicht, ſehnſüchtigſter Gewalt,
592 2749 3082 3002 Ins Leben ziehn die einzigſte Geſtalt;
641 2945 3058 3126 Das ewige Weſen, Göttern ebenbürtig,
680 3092 3363 3346 So groß als zart, ſo hehr als liebenswürdig?
641 3280 3324 3464 Du ſahſt ſie einſt, heut hab’ ich ſie geſehn,
665 3420 3322 3645 So ſchön wie reizend, wie erſehnt ſo ſchön.
675 3589 3363 3819 Nun iſt mein Sinn, mein Weſen ſtreng umfangen,
568 3747 3025 3983 Ich lebe nicht, kann ich ſie nicht erlangen.
1310 3932 1771 4188 Chiron.
655 4123 3256 4328 Mein fremder Mann! als Menſch biſt du entzückt,
628 4314 3273 4505 Doch unter Geiſtern ſcheinſt du wohl verrückt.
665 4461 3099 4672 Nun trifft ſich’s hier zu deinem Glücke;
617 4652 3215 4846 Denn alle Jahr, nur wenig Augenblicke,
713 4853 2928 5021 Pfleg’ ich bey Manto vorzutreten,
675 5010 3222 5212 Der Tochter Aeſculaps; im ſtillen Beten
3215 522 3307 624 74
3133 573 3322 783 12
