<?xml version="1.0" encoding="UTF-8"  standalone="yes"?>
<PcGts xmlns="http://schema.primaresearch.org/PAGE/gts/pagecontent/2019-07-15" xmlns:xsi="http://www.w3.org/2001/XMLSchema-instance" xsi:schemaLocation="http://schema.primaresearch.org/PAGE/gts/pagecontent/2019-07-15 http://schema.primaresearch.org/PAGE/gts/pagecontent/2019-07-15/pagecontent.xsd">
  <Metadata>
	<Creator>escriptorium</Creator>
	<Created>2023-07-08T12:30:08.503689+00:00</Created>
        <LastChange>2023-07-08T12:30:08.503703+00:00</LastChange>

  </Metadata>
  <Page imageFilename="391098_0310_0.jpg" imageWidth="4096" imageHeight="6144">

    
    <TextRegion id="eSc_textblock_935daf67"  custom="structure {type:text;}">
      <Coords points="2276,819 2522,832 2703,1010 3409,1051 3614,1228 3672,1419 3942,1460 3983,1515 3956,1798 3833,1952 3956,2713 3915,2809 3781,2836 3710,2921 3805,3423 3928,3604 3956,3768 3915,4488 3969,4652 3887,4887 3956,5143 3874,5389 3778,5444 1474,5471 1419,5416 1365,4437 1242,4283 1338,3140 1324,2962 1228,2754 1201,2140 1283,1949 1338,1092 1419,1010 1989,983 2157,846 2276,819"/>
      
      
      <TextLine id="eSc_line_ba33c103" custom="structure {type:default;}">
        <Coords points="2549,865 2503,844 2498,844 2493,844 2488,844 2483,844 2437,880 2385,834 2385,829 2380,829 2375,829 2370,829 2140,870 2140,988 2135,1075 2595,1075 2600,993 2600,916 2549,865"/>
        <Baseline points="2143,989 2604,998"/>
        <TextEquiv>
          <Unicode>Kaiſer.</Unicode>
        </TextEquiv>
      </TextLine>

      
      
      <TextLine id="eSc_line_ffc38644" custom="structure {type:default;}">
        <Coords points="3358,1049 3307,1044 3256,1044 3205,1039 3153,1039 3102,1034 3051,1034 3031,1029 1402,1024 1372,1054 1367,1131 1361,1152 1489,1187 1495,1187 1500,1187 1848,1162 1986,1187 1991,1187 2165,1162 2186,1162 3358,1172 3368,1136 3363,1049 3358,1049"/>
        <Baseline points="1368,1136 3372,1137"/>
        <TextEquiv>
          <Unicode>Mir bleibt nichts übrig als zu loben;</Unicode>
        </TextEquiv>
      </TextLine>

      
      
      <TextLine id="eSc_line_da167377" custom="structure {type:default;}">
        <Coords points="2329,1187 2278,1187 2257,1187 2206,1198 2104,1162 2099,1162 2094,1162 2088,1162 1981,1213 1756,1167 1751,1167 1745,1167 1740,1167 1664,1218 1551,1218 1454,1167 1448,1167 1443,1167 1438,1167 1433,1167 1356,1208 1361,1300 1361,1372 1469,1367 1474,1367 1479,1367 1479,1361 1520,1326 1776,1326 1858,1367 1863,1367 1868,1367 1873,1372 2048,1372 2048,1367 2053,1367 2058,1367 2063,1361 2114,1320 2293,1346 2298,1346 2677,1320 2708,1346 2708,1351 2713,1351 2718,1351 2723,1356 2872,1356 2872,1351 2877,1351 2892,1346 2974,1315 3000,1346 3010,1351 3010,1356 3015,1356 3020,1356 3025,1356 3573,1331 3578,1285 3573,1208 3123,1208 3072,1162 3066,1162 3061,1162 2841,1157 2836,1157 2831,1157 2759,1192 2565,1162 2560,1162 2360,1208 2334,1187 2329,1187"/>
        <Baseline points="1367,1305 2471,1276 3580,1286"/>
        <TextEquiv>
          <Unicode>ArmHier kann ſich Fauſt und Bruſt erproben.</Unicode>
        </TextEquiv>
      </TextLine>

      
      
      <TextLine id="eSc_line_7b38b540" custom="structure {type:default;}">
        <Coords points="2443,1129 2409,1129 2375,1129 2341,1133 2307,1133 2273,1133 2239,1133 2205,1133 2205,1184 2201,1208 2467,1208 2471,1187 2467,1129 2443,1129"/>
        <Baseline points="2205,1184 2471,1187"/>
        <TextEquiv>
          <Unicode>Arm</Unicode>
        </TextEquiv>
      </TextLine>

      
      
      <TextLine id="eSc_line_0a0ddddf" custom="structure {type:default;}">
        <Coords points="1365,1580 1365,1652 1505,1621 1556,1648 1559,1648 1563,1648 1686,1628 1747,1648 1754,1648 1757,1648 1761,1648 1764,1648 1768,1648 1815,1607 1976,1607 2085,1638 2088,1638 2092,1638 2095,1638 2099,1638 2146,1607 2205,1621 2208,1621 2211,1621 2321,1604 2597,1607 2655,1631 2672,1638 2676,1638 2679,1641 2788,1641 2788,1638 2792,1638 2795,1638 2805,1631 2839,1607 2874,1628 2887,1638 2891,1638 2894,1638 2897,1641 3007,1641 3007,1638 3010,1638 3048,1628 3147,1597 3399,1607 3416,1621 3433,1634 3437,1634 3440,1634 3444,1634 3539,1617 3686,1594 3781,1614 3853,1631 3857,1631 3956,1611 3959,1559 3952,1488 3792,1488 3788,1484 3737,1457 3734,1457 3730,1457 3539,1484 3485,1491 3450,1484 3317,1450 3314,1450 3310,1450 3126,1484 3054,1498 2986,1498 2966,1481 2925,1454 2921,1454 2918,1454 2757,1454 2754,1454 2751,1454 2689,1481 2652,1501 2399,1501 2365,1481 2338,1460 2334,1460 2331,1460 2327,1460 2324,1460 2321,1460 2290,1481 2276,1488 2259,1481 2245,1474 2242,1474 2239,1474 2235,1474 2232,1474 2232,1477 2228,1481 2201,1505 2017,1505 1969,1477 1935,1460 1931,1460 1928,1460 1669,1464 1665,1464 1634,1477 1604,1491 1573,1477 1542,1464 1539,1464 1536,1464 1361,1474 1365,1580"/>
        <Baseline points="1365,1580 3959,1559"/>
        <TextEquiv>
          <Unicode>Hier, auf der Mittelwieſe flachen Räumlichkeit,</Unicode>
        </TextEquiv>
      </TextLine>

      
      
      <TextLine id="eSc_line_3dd64f0d" custom="structure {type:default;}">
        <Coords points="2119,1438 2119,1525 2626,1495 2631,1433 2621,1356 2447,1356 2447,1351 2319,1310 2314,1310 2181,1310 2176,1310 2170,1310 2165,1310 2114,1336 2119,1438"/>
        <Baseline points="2123,1440 2635,1438"/>
        <TextEquiv>
          <Unicode>Ob. Gen.</Unicode>
        </TextEquiv>
      </TextLine>

      
      
      <TextLine id="eSc_line_da9a2c15" custom="structure {type:default;}">
        <Coords points="1341,1756 1341,1776 1418,1766 1459,1776 1551,1807 1556,1807 1561,1807 1566,1807 1571,1807 1607,1776 1623,1766 1986,1766 2027,1771 2176,1807 2181,1807 2186,1807 2298,1771 2334,1761 2585,1761 2600,1771 2636,1802 2641,1802 2647,1802 2652,1802 2933,1776 3210,1802 3215,1802 3220,1802 3302,1766 3307,1761 3307,1766 3338,1792 3338,1797 3343,1797 3348,1797 3353,1797 3358,1797 3363,1797 3415,1761 3425,1761 3630,1761 3783,1761 3850,1797 3855,1797 3860,1797 3865,1797 3870,1797 3906,1766 3906,1720 3901,1633 3409,1597 3404,1597 3220,1638 3205,1638 3194,1638 3102,1602 3097,1602 3092,1602 3087,1602 2944,1638 2938,1643 2728,1643 2457,1643 2375,1602 2370,1602 2365,1602 2088,1607 2083,1607 2017,1643 1858,1607 1853,1607 1576,1638 1433,1607 1428,1607 1423,1607 1336,1643 1341,1756"/>
        <Baseline points="1344,1757 1976,1723 3908,1723"/>
        <TextEquiv>
          <Unicode>Siehſt du den Phalanx, wohlgemuth zu ſtreiten.</Unicode>
        </TextEquiv>
      </TextLine>

      
      
      <TextLine id="eSc_line_4d0449d3" custom="structure {type:default;}">
        <Coords points="1327,1897 1331,1931 1372,1914 1515,1928 1549,1931 1553,1931 1556,1931 1563,1928 1597,1911 1645,1928 1658,1931 1662,1931 1665,1931 1710,1928 1867,1904 1989,1921 1993,1921 1996,1921 2153,1904 2187,1921 2215,1931 2218,1931 2222,1931 2399,1918 2549,1904 2631,1914 2751,1928 2754,1928 2870,1911 2911,1904 2942,1908 3024,1925 3027,1925 3143,1908 3160,1904 3167,1904 3232,1928 3235,1928 3239,1928 3242,1928 3307,1908 3543,1928 3546,1928 3665,1897 3669,1884 3665,1822 3566,1771 3563,1771 3467,1771 3464,1771 3461,1771 3355,1819 3317,1802 3314,1802 3310,1802 3307,1802 3252,1819 3225,1795 3225,1792 3222,1792 3218,1792 3215,1792 3211,1792 3181,1809 3153,1788 3150,1788 3147,1788 3143,1788 3140,1788 3136,1788 3089,1826 3003,1826 2959,1788 2955,1788 2952,1788 2949,1788 2945,1788 2870,1826 2682,1826 2525,1774 2522,1774 2519,1774 2406,1778 2402,1778 2310,1822 2242,1774 2239,1774 2235,1774 2232,1774 2228,1774 2225,1774 2174,1812 2088,1774 2085,1774 1706,1774 1703,1774 1699,1774 1597,1829 1324,1829 1327,1897"/>
        <Baseline points="1327,1897 2205,1877 3669,1884"/>
        <TextEquiv>
          <Unicode>Die Piken blinken flimmernd in der Luft,</Unicode>
        </TextEquiv>
      </TextLine>

      
      
      <TextLine id="eSc_line_495105a4" custom="structure {type:default;}">
        <Coords points="1300,2109 1571,2068 1704,2099 1710,2099 1715,2099 1909,2073 1945,2104 1945,2109 1950,2109 1955,2109 1960,2109 1966,2109 1976,2104 2073,2063 2191,2063 2232,2099 2232,2104 2237,2104 2242,2104 2247,2104 2252,2104 2257,2104 2263,2099 2319,2063 2411,2094 2416,2094 2421,2094 2426,2094 2432,2094 2462,2068 2498,2094 2503,2099 2503,2104 2508,2104 2513,2104 2519,2104 2590,2094 2785,2063 2862,2088 2897,2104 2903,2104 2908,2104 2913,2104 2949,2088 3000,2063 3025,2088 3031,2094 3036,2094 3041,2094 3046,2094 3051,2094 3072,2088 3123,2068 3179,2083 3210,2094 3215,2094 3220,2094 3225,2094 3261,2083 3328,2063 3384,2083 3440,2099 3445,2099 3450,2099 3706,2073 3706,2022 3701,1945 3194,1914 3189,1914 3184,1914 3112,1940 3082,1955 2764,1955 2657,1940 2498,1920 2493,1920 2344,1925 2339,1925 2334,1925 2324,1935 2298,1955 2201,1935 2129,1925 2124,1925 2119,1925 2094,1935 2063,1950 1792,1935 1669,1930 1664,1930 1658,1930 1653,1930 1648,1935 1597,1966 1402,1966 1300,1935 1300,2048 1300,2109"/>
        <Baseline points="1303,2053 2297,2024 3710,2027"/>
        <TextEquiv>
          <Unicode>Im Sonnenglanz, durch Morgennebelduft.</Unicode>
        </TextEquiv>
      </TextLine>

      
      
      <TextLine id="eSc_line_97cd0cdf" custom="structure {type:default;}">
        <Coords points="1361,2186 1361,2222 1438,2252 1443,2252 1448,2252 1704,2222 1725,2222 1745,2222 2186,2263 2191,2263 2672,2222 2713,2257 2713,2263 2718,2263 2723,2263 2728,2268 2856,2268 2856,2263 2862,2263 2974,2222 3077,2263 3082,2263 3087,2268 3230,2268 3230,2263 3235,2263 3240,2263 3276,2232 3450,2252 3456,2252 3778,2211 3783,2181 3763,2048 3635,2104 3425,2104 3374,2068 3368,2068 3363,2068 3358,2068 3353,2068 3276,2104 2621,2104 2560,2073 2493,2048 2488,2048 2094,2048 2088,2048 2083,2048 1991,2088 1940,2053 1935,2053 1930,2053 1925,2053 1920,2053 1807,2088 1735,2053 1730,2053 1725,2053 1720,2053 1664,2073 1530,2048 1525,2048 1520,2048 1356,2099 1361,2186"/>
        <Baseline points="1366,2190 1437,2191 3785,2184"/>
        <TextEquiv>
          <Unicode>Wie dunkel ſcheint das mächtige Quadrat!</Unicode>
        </TextEquiv>
      </TextLine>

      
      
      <TextLine id="eSc_line_481d3709" custom="structure {type:default;}">
        <Coords points="1358,2341 1358,2426 1433,2423 1437,2423 1440,2423 1515,2375 1621,2382 1672,2423 1675,2423 1679,2423 1682,2423 1686,2423 1689,2423 1850,2375 1983,2375 2037,2416 2044,2423 2048,2423 2051,2423 2054,2426 2283,2426 2283,2423 2286,2423 2310,2413 2348,2392 2413,2409 2461,2423 2464,2423 2467,2423 2471,2423 2498,2409 2570,2372 2751,2372 2795,2402 2812,2420 2816,2420 2819,2420 2822,2423 3007,2423 3007,2420 3010,2420 3048,2399 3089,2379 3160,2396 3205,2409 3208,2409 3211,2409 3215,2409 3239,2396 3287,2372 3358,2372 3386,2392 3413,2416 3413,2420 3416,2420 3420,2420 3423,2423 3474,2423 3474,2420 3478,2420 3481,2420 3519,2392 3549,2372 3761,2385 3768,2334 3764,2276 3723,2256 3720,2256 3717,2256 3631,2273 3512,2228 3508,2228 3348,2228 3345,2228 3341,2228 3338,2228 3269,2276 3126,2276 3075,2228 3072,2228 3068,2228 2908,2228 2904,2228 2901,2228 2809,2276 2689,2276 2587,2232 2583,2232 2580,2232 2577,2232 2573,2232 2573,2235 2539,2263 2426,2263 2365,2232 2362,2232 2358,2232 2355,2232 2249,2280 2054,2280 2024,2259 2020,2259 2017,2259 2013,2259 2010,2259 1976,2276 1894,2232 1890,2232 1792,2232 1788,2232 1785,2232 1710,2266 1641,2242 1638,2242 1634,2242 1631,2242 1628,2242 1604,2263 1542,2232 1539,2232 1536,2232 1532,2232 1355,2280 1358,2341"/>
        <Baseline points="1358,2341 3768,2334"/>
        <TextEquiv>
          <Unicode>Zu Tauſenden glühts hier auf große That.</Unicode>
        </TextEquiv>
      </TextLine>

      
      
      <TextLine id="eSc_line_a1a40812" custom="structure {type:default;}">
        <Coords points="1310,2524 1305,2554 2549,2539 2759,2575 2764,2575 2769,2575 2775,2575 2984,2544 3072,2580 3077,2580 3082,2580 3087,2580 3107,2580 3404,2549 3481,2585 3486,2585 3491,2585 3496,2585 3502,2585 3507,2585 3578,2560 3855,2585 3865,2549 3865,2452 3681,2406 3676,2406 3671,2406 3456,2442 3420,2406 3420,2401 3415,2401 3409,2401 3404,2401 3256,2426 3225,2401 3220,2401 3215,2401 2949,2396 2944,2396 2938,2396 2872,2432 2754,2396 2749,2396 2744,2396 2585,2432 2503,2391 2498,2391 2493,2391 2488,2391 2483,2391 2432,2432 2314,2391 2309,2391 2304,2391 2298,2391 2227,2432 2037,2432 1971,2385 1966,2385 1960,2385 1955,2385 1950,2385 1945,2385 1945,2391 1904,2432 1781,2432 1740,2401 1735,2401 1730,2401 1725,2401 1720,2401 1653,2421 1597,2380 1592,2380 1587,2380 1582,2380 1576,2380 1571,2380 1536,2416 1310,2421 1310,2524"/>
        <Baseline points="1314,2525 2174,2501 2935,2501 3869,2551"/>
        <TextEquiv>
          <Unicode>Du kannſt daran der Maſſe Kraft erken̄en,</Unicode>
        </TextEquiv>
      </TextLine>

      
      
      <TextLine id="eSc_line_bd7b4734" custom="structure {type:default;}">
        <Coords points="1372,2754 1484,2754 1489,2754 1495,2754 1556,2703 1740,2703 1797,2754 1797,2759 1802,2759 1807,2759 1812,2764 2150,2764 2150,2759 2155,2759 2252,2708 2336,2770 2497,2801 2831,2708 2913,2749 2918,2749 2923,2749 2928,2749 2995,2713 3107,2759 3128,2769 3133,2769 3138,2769 3179,2759 3261,2744 3358,2759 3409,2769 3415,2769 3471,2759 3706,2718 3916,2759 3927,2718 3921,2590 3522,2590 3522,2585 3425,2544 3420,2544 3415,2544 3409,2544 3302,2575 3092,2544 3087,2544 3082,2544 3077,2544 3015,2585 2897,2585 2851,2544 2851,2539 2846,2539 2841,2539 2657,2539 2652,2539 2647,2539 2529,2580 2432,2544 2426,2544 2421,2544 2416,2544 2339,2580 2186,2539 2181,2539 2176,2539 2170,2539 2058,2575 1899,2575 1838,2534 1832,2534 1827,2534 1438,2534 1433,2534 1428,2534 1423,2534 1377,2565 1377,2672"/>
        <Baseline points="1382,2676 2863,2672 3680,2688 3929,2720"/>
        <TextEquiv>
          <Unicode>Ich trau ihr zu der Feinde Kraft zu trennen.</Unicode>
        </TextEquiv>
      </TextLine>

      
      
      <TextLine id="eSc_line_29552d8d" custom="structure {type:default;}">
        <Coords points="2027,2908 2309,2954 2314,2954 2508,2918 2517,2840 2445,2783 2054,2745 2019,2869"/>
        <Baseline points="2036,2859 2514,2868"/>
        <TextEquiv>
          <Unicode>Kaiſer.</Unicode>
        </TextEquiv>
      </TextLine>

      
      
      <TextLine id="eSc_line_a16b966e" custom="structure {type:default;}">
        <Coords points="1361,3017 1361,3041 1454,3041 1532,3092 1536,3092 1539,3092 1542,3095 1679,3095 1679,3092 1682,3092 1795,3041 1894,3058 1897,3058 2075,3044 2136,3092 2140,3092 2143,3092 2146,3092 2624,3089 2628,3089 2631,3089 2689,3041 2693,3037 2699,3041 2761,3061 2764,3061 2768,3061 2771,3061 2819,3041 2829,3037 2884,3041 2983,3048 3013,3075 3017,3075 3020,3075 3024,3075 3027,3075 3031,3075 3075,3041 3078,3041 3324,3041 3328,3041 3386,3068 3389,3068 3392,3068 3396,3068 3481,3041 3485,3041 3488,3041 3577,3061 3580,3061 3584,3061 3621,3041 3621,3010 3614,2945 3532,2928 3529,2928 3454,2945 3416,2952 3386,2945 3334,2932 3331,2932 3328,2932 3259,2945 3229,2952 3218,2945 3191,2921 3191,2918 3188,2918 3184,2918 3123,2918 3119,2918 3116,2918 3058,2945 3044,2955 2686,2955 2672,2949 2594,2918 2590,2918 2587,2918 2263,2938 2245,2925 2245,2921 2242,2921 2239,2921 2075,2921 2071,2921 2068,2921 2065,2921 2027,2952 2024,2955 1890,2955 1880,2952 1832,2921 1829,2921 1826,2921 1693,2921 1689,2921 1686,2921 1600,2952 1590,2955 1580,2952 1488,2921 1484,2921 1481,2921 1477,2921 1474,2921 1474,2925 1440,2952 1440,2955 1358,2955 1361,3017"/>
        <Baseline points="1361,3017 3621,3010"/>
        <TextEquiv>
          <Unicode>Den ſchönen Blick hab’ ich zum erſten Mal.</Unicode>
        </TextEquiv>
      </TextLine>

      
      
      <TextLine id="eSc_line_b98468fb" custom="structure {type:default;}">
        <Coords points="1385,3174 1385,3263 1580,3263 1580,3259 1583,3259 1594,3256 1682,3218 1716,3252 1723,3256 1723,3259 1727,3259 1730,3259 1733,3259 1737,3259 1740,3259 1751,3252 1792,3222 1836,3249 1850,3259 1853,3259 1856,3259 1860,3263 1986,3263 1986,3259 1989,3259 2017,3246 2095,3205 2170,3242 2208,3259 2211,3259 2215,3263 2310,3263 2310,3259 2314,3259 2317,3259 2351,3235 2409,3205 3065,3205 3089,3218 3136,3252 3140,3252 3143,3252 3147,3252 3345,3229 3406,3259 3409,3259 3413,3259 3502,3252 3505,3252 3508,3252 3570,3208 3693,3201 3696,3174 3693,3119 3485,3119 3447,3092 3444,3092 3440,3092 3437,3092 3433,3092 3430,3092 3392,3119 3235,3119 3201,3089 3201,3085 3198,3085 3194,3085 3147,3085 3143,3085 3140,3085 3136,3085 3099,3112 2932,3092 2928,3092 2792,3116 2751,3085 2747,3085 2744,3085 2740,3085 2628,3089 2624,3089 2621,3089 2600,3109 2546,3085 2542,3085 2406,3085 2402,3085 2399,3085 2396,3085 2358,3119 2116,3119 2044,3085 2041,3085 2037,3085 2034,3085 1945,3116 1911,3085 1908,3085 1904,3085 1669,3085 1665,3085 1662,3085 1658,3085 1658,3089 1624,3119 1583,3119 1549,3089 1549,3085 1546,3085 1542,3085 1491,3085 1488,3085 1484,3085 1385,3116 1385,3174"/>
        <Baseline points="1385,3174 3696,3174"/>
        <TextEquiv>
          <Unicode>Ein ſolches Heer gilt für die Doppelzahl.</Unicode>
        </TextEquiv>
      </TextLine>

      
      
      <TextLine id="eSc_line_bfd86c49" custom="structure {type:default;}">
        <Coords points="2022,3328 2017,3409 2544,3404 2549,3343 2549,3266 2396,3230 2391,3230 2268,3251 2252,3256 2242,3251 2206,3220 2201,3220 2196,3220 2191,3220 2022,3240 2022,3328"/>
        <Baseline points="2027,3331 2553,3348"/>
        <TextEquiv>
          <Unicode>Ob. Gen.</Unicode>
        </TextEquiv>
      </TextLine>

      
      
      <TextLine id="eSc_line_22004cce" custom="structure {type:default;}">
        <Coords points="1385,3498 1385,3529 1576,3549 1580,3549 1583,3549 1621,3529 1631,3525 1641,3529 1703,3560 1706,3560 1710,3560 1894,3529 1976,3519 2259,3519 2297,3529 2372,3556 2375,3556 2379,3560 2512,3560 2512,3556 2515,3556 2519,3556 2553,3529 2577,3515 2604,3529 2607,3532 2611,3532 2614,3532 2618,3532 2624,3529 2652,3515 2669,3529 2696,3553 2699,3553 2703,3553 2706,3553 2710,3553 2757,3529 2775,3522 2792,3529 2846,3553 2850,3553 2853,3556 3143,3556 3143,3553 3147,3553 3150,3553 3184,3529 3201,3519 3280,3529 3341,3539 3345,3539 3413,3529 3543,3512 3584,3529 3624,3549 3628,3549 3631,3549 3741,3529 3744,3485 3734,3409 3614,3426 3570,3409 3522,3392 3519,3392 3515,3392 3512,3392 3508,3392 3485,3413 3461,3430 3170,3430 3150,3416 3106,3389 3102,3389 3099,3389 3095,3389 3092,3389 3013,3420 2979,3433 2880,3433 2867,3420 2833,3392 2829,3392 2826,3392 2822,3392 2744,3409 2696,3389 2693,3389 2689,3389 2686,3389 2631,3409 2566,3389 2563,3389 2560,3389 2556,3389 2420,3426 2396,3433 2389,3426 2341,3392 2338,3392 2334,3392 2331,3392 2327,3392 2324,3392 2266,3426 2174,3392 2170,3392 2167,3392 1993,3433 1989,3433 1894,3396 1890,3396 1887,3396 1884,3396 1802,3437 1798,3440 1706,3440 1706,3437 1658,3396 1655,3396 1652,3396 1484,3396 1481,3396 1477,3396 1382,3437 1385,3498"/>
        <Baseline points="1385,3498 3744,3485"/>
        <TextEquiv>
          <Unicode>Von unſrer Linken hab ich nichts zu melden,</Unicode>
        </TextEquiv>
      </TextLine>

      
      
      <TextLine id="eSc_line_3c3c2a9f" custom="structure {type:default;}">
        <Coords points="1358,3662 1358,3686 1467,3686 1549,3737 1553,3737 1556,3737 1559,3741 1638,3741 1638,3737 1641,3737 1733,3686 1911,3737 1914,3737 1918,3741 2085,3741 2085,3737 2088,3737 2191,3679 2205,3676 2375,3676 2382,3679 2447,3734 2450,3734 2454,3734 2457,3734 2461,3734 2464,3734 2512,3700 2556,3737 2560,3737 2563,3737 2566,3741 2693,3741 2693,3737 2696,3737 2699,3737 2778,3679 2785,3676 2908,3676 2911,3679 2932,3696 2935,3696 2938,3696 3037,3700 3085,3737 3089,3737 3092,3737 3095,3741 3239,3741 3239,3737 3242,3737 3246,3737 3321,3676 3324,3676 3379,3676 3382,3676 3423,3713 3426,3713 3430,3713 3433,3713 3437,3713 3512,3686 3853,3672 3857,3655 3853,3601 3645,3563 3642,3563 3638,3563 3570,3590 3529,3560 3525,3560 3522,3560 3474,3560 3471,3560 3467,3560 3464,3560 3420,3601 3283,3601 3198,3560 3194,3560 3191,3560 3188,3560 3184,3560 3126,3601 3007,3601 2935,3563 2932,3563 2928,3563 2925,3563 2856,3601 2775,3601 2727,3563 2723,3563 2720,3563 2717,3563 2713,3563 2624,3597 2495,3560 2491,3560 2194,3560 2191,3560 2187,3560 2119,3597 1897,3597 1846,3560 1843,3560 1839,3560 1754,3560 1751,3560 1747,3560 1744,3560 1696,3601 1638,3601 1501,3560 1498,3560 1495,3560 1491,3560 1488,3560 1443,3601 1355,3601 1358,3662"/>
        <Baseline points="1358,3662 2351,3648 3857,3655"/>
        <TextEquiv>
          <Unicode>Den ſtarren Fels beſetzen wackere Helden.</Unicode>
        </TextEquiv>
      </TextLine>

      
      
      <TextLine id="eSc_line_9f58cb75" custom="structure {type:default;}">
        <Coords points="1358,3822 1358,3850 1474,3836 1508,3850 1525,3857 1529,3857 1532,3857 1536,3857 1559,3850 1607,3836 1624,3850 1679,3891 1682,3891 1686,3891 1884,3894 1887,3894 1890,3894 1894,3894 1959,3846 1962,3846 1966,3846 2106,3894 2109,3894 2112,3898 2239,3898 2239,3894 2242,3894 2245,3894 2310,3846 2317,3840 2344,3846 2409,3860 2413,3860 2488,3843 2512,3840 2515,3843 2539,3863 2542,3863 2546,3863 2549,3863 2645,3857 2717,3894 2720,3894 2723,3894 2727,3894 2730,3894 2816,3843 2826,3840 3198,3840 3201,3840 3304,3894 3307,3894 3310,3894 3515,3846 3587,3894 3590,3894 3594,3894 3597,3894 3754,3877 3819,3894 3822,3894 3826,3894 3829,3894 3833,3894 3915,3836 3918,3822 3918,3751 3867,3734 3863,3734 3860,3734 3754,3751 3744,3751 3737,3751 3669,3727 3665,3727 3662,3727 3546,3751 3508,3758 3491,3751 3437,3727 3433,3727 3276,3727 3273,3727 3269,3727 3266,3727 3229,3751 3218,3758 3020,3758 2986,3751 2860,3727 2856,3727 2853,3727 2764,3754 2740,3761 2590,3761 2583,3754 2553,3727 2549,3727 2546,3727 2447,3727 2443,3727 2440,3727 2382,3754 2372,3761 2215,3761 2198,3754 2116,3727 2112,3727 2109,3727 2106,3727 2048,3754 2037,3761 1856,3761 1846,3754 1805,3727 1802,3727 1798,3727 1795,3727 1549,3747 1518,3723 1515,3723 1512,3723 1508,3723 1505,3723 1501,3723 1457,3754 1457,3758 1358,3758 1358,3822"/>
        <Baseline points="1358,3822 2488,3805 3918,3822"/>
        <TextEquiv>
          <Unicode>Das Steingeklipp, das jetzt von Waffen blitzt,</Unicode>
        </TextEquiv>
      </TextLine>

      
      
      <TextLine id="eSc_line_ca0f5934" custom="structure {type:default;}">
        <Coords points="1334,3997 1331,4014 1529,4017 1573,4051 1576,4051 1580,4051 1583,4051 1662,4044 1795,4075 1798,4078 1935,4078 1935,4075 1938,4075 2027,4037 2088,4075 2092,4075 2095,4075 2099,4078 2177,4078 2177,4075 2181,4075 2184,4075 2256,4031 2338,4058 2341,4058 2344,4058 2348,4058 2351,4058 2402,4024 2409,4020 2638,4020 2652,4024 2744,4082 2747,4082 2751,4082 2754,4085 2877,4085 2877,4082 2880,4082 2884,4082 2962,4027 2973,4024 3304,4024 3351,4031 3392,4034 3495,4089 3498,4089 3502,4092 3730,4092 3730,4089 3734,4089 3925,4034 3928,4014 3925,3938 3829,3932 3778,3894 3775,3894 3771,3894 3768,3894 3764,3894 3761,3894 3734,3915 3573,3894 3570,3894 3437,3918 3345,3891 3341,3891 3119,3891 3116,3891 3112,3891 3109,3891 3048,3932 3041,3938 2853,3938 2843,3932 2775,3898 2771,3898 2768,3898 2764,3898 2669,3928 2594,3884 2590,3884 2587,3884 2583,3884 2454,3904 2423,3884 2420,3884 2416,3884 2242,3884 2239,3884 2235,3884 2143,3928 2140,3928 2123,3928 1911,3901 1908,3901 1805,3925 1788,3928 1600,3928 1597,3925 1542,3880 1539,3880 1536,3880 1532,3880 1529,3880 1430,3925 1423,3925 1334,3925 1334,3997"/>
        <Baseline points="1334,3997 2498,3986 3928,4014"/>
        <TextEquiv>
          <Unicode>Den wichtigen Paß der engen Klauſe ſchützt.</Unicode>
        </TextEquiv>
      </TextLine>

      
      
      <TextLine id="eSc_line_bf63a0fb" custom="structure {type:default;}">
        <Coords points="1356,4152 1351,4229 1510,4218 1597,4234 1648,4244 1653,4244 1658,4244 1664,4244 1664,4239 1669,4234 1704,4208 1735,4234 1740,4239 1740,4244 1745,4244 1751,4244 1955,4249 1960,4249 1966,4249 1996,4234 2032,4218 2109,4234 2206,4254 2211,4254 2216,4254 2263,4234 2339,4203 2457,4234 2539,4254 2544,4254 2549,4254 2554,4254 2621,4234 2688,4213 2923,4213 2959,4234 3046,4270 3051,4270 3056,4270 3061,4270 3066,4270 3107,4234 3123,4218 3153,4234 3189,4249 3194,4249 3200,4249 3205,4249 3271,4234 3312,4224 3368,4234 3496,4254 3502,4254 3880,4229 3886,4203 3886,4111 3778,4070 3773,4070 3768,4070 3763,4070 3640,4111 3635,4111 3584,4065 3578,4065 3573,4065 3471,4065 3466,4065 3461,4065 3456,4065 3404,4106 3389,4106 3123,4055 3118,4055 3112,4055 3025,4096 3025,4101 2897,4101 2892,4096 2862,4065 2856,4065 2851,4065 2846,4065 2841,4065 2769,4085 2713,4049 2708,4049 2703,4049 2698,4049 2467,4085 2457,4085 2370,4039 2365,4039 2360,4039 2355,4039 2273,4080 2237,4049 2237,4044 2232,4044 2227,4044 2222,4044 2216,4044 2135,4075 2094,4039 2094,4034 2088,4034 2083,4034 2078,4034 2073,4034 1920,4075 1909,4075 1899,4075 1766,4044 1761,4044 1633,4070 1623,4070 1617,4070 1566,4024 1561,4024 1556,4024 1551,4024 1356,4060 1356,4152"/>
        <Baseline points="1361,4154 3891,4206"/>
        <TextEquiv>
          <Unicode>Ich ahne ſchon hier ſcheitern Feindeskräfte</Unicode>
        </TextEquiv>
      </TextLine>

      
      
      <TextLine id="eSc_line_03ece27b" custom="structure {type:default;}">
        <Coords points="1409,4307 1406,4334 1488,4365 1491,4365 1495,4365 1498,4365 1566,4345 1624,4392 1628,4392 1631,4392 1716,4399 1720,4399 1826,4375 1853,4399 1856,4399 1860,4399 1863,4403 1996,4403 1996,4399 2000,4399 2088,4348 2095,4348 2433,4348 2440,4355 2498,4406 2501,4406 2505,4406 2508,4410 2600,4410 2600,4406 2604,4406 2699,4362 2706,4358 2710,4362 2816,4410 2819,4410 2822,4413 2901,4413 2901,4410 2904,4410 2908,4410 2945,4382 3017,4413 3020,4413 3024,4416 3126,4416 3126,4413 3130,4413 3133,4413 3188,4369 3201,4358 3218,4372 3249,4392 3252,4392 3256,4392 3259,4392 3263,4392 3314,4372 3331,4365 3348,4372 3375,4386 3379,4386 3382,4386 3386,4386 3423,4375 3467,4362 3556,4375 3563,4331 3560,4280 3457,4266 3426,4239 3426,4235 3423,4235 3420,4235 3256,4232 3191,4232 3188,4232 3184,4232 3181,4232 3119,4273 3116,4276 3024,4276 3020,4273 2983,4246 2979,4246 2976,4246 2973,4246 2969,4246 2966,4246 2938,4270 2894,4249 2891,4249 2887,4249 2679,4270 2658,4270 2655,4270 2607,4225 2604,4225 2600,4225 2597,4225 2379,4232 2375,4232 2273,4263 2215,4229 2211,4229 2208,4229 2205,4229 2201,4229 2143,4249 2112,4222 2109,4222 2106,4222 1989,4218 1986,4218 1983,4218 1979,4218 1925,4259 1925,4263 1720,4263 1638,4259 1638,4256 1597,4222 1597,4218 1594,4218 1590,4218 1532,4215 1529,4215 1525,4215 1409,4253 1409,4307"/>
        <Baseline points="1409,4307 3563,4331"/>
        <TextEquiv>
          <Unicode>Unvorgeſehn im blutigen Geſchäfte.</Unicode>
        </TextEquiv>
      </TextLine>

      
      
      <TextLine id="eSc_line_c060f333" custom="structure {type:default;}">
        <Coords points="1402,4618 1399,4648 1437,4669 1440,4669 1443,4669 1634,4652 1764,4693 1768,4693 1771,4693 1877,4679 2153,4696 2157,4696 2160,4696 2205,4679 2317,4696 2321,4696 2324,4696 2327,4696 2368,4662 2440,4683 2443,4683 2447,4686 2447,4683 2450,4683 2525,4662 2655,4672 2686,4700 2689,4700 2693,4700 2696,4700 2812,4679 2877,4703 2880,4703 2884,4703 2887,4703 2891,4703 2921,4679 2990,4703 2993,4703 2996,4703 3000,4703 3003,4703 3051,4666 3092,4666 3174,4666 3201,4666 3669,4686 3672,4686 3676,4686 3720,4672 3840,4706 3843,4706 3846,4706 3850,4706 3932,4672 3935,4642 3928,4563 3846,4577 3822,4560 3805,4549 3802,4549 3799,4549 3662,4549 3659,4549 3597,4560 3560,4567 3529,4560 3474,4546 3471,4546 3467,4546 3464,4546 3433,4560 3403,4577 3324,4577 3297,4560 3276,4546 3273,4546 3269,4546 3184,4543 3181,4543 3177,4543 3143,4560 3126,4567 3109,4560 3082,4543 3078,4543 2979,4543 2976,4543 2973,4543 2942,4556 2921,4567 2891,4556 2833,4539 2829,4539 2826,4539 2822,4539 2819,4539 2795,4556 2785,4563 2778,4556 2761,4546 2757,4546 2754,4546 2751,4546 2747,4546 2744,4546 2730,4556 2717,4567 2662,4556 2621,4549 2618,4549 2563,4556 2488,4567 2461,4556 2416,4536 2413,4536 2409,4536 2406,4536 2355,4556 2338,4560 2324,4556 2269,4536 2266,4536 2263,4536 2174,4553 2126,4563 1986,4560 1979,4553 1952,4536 1949,4536 1945,4536 1942,4536 1938,4536 1904,4553 1890,4560 1870,4553 1815,4536 1812,4536 1809,4536 1805,4536 1802,4536 1774,4553 1761,4560 1648,4560 1634,4553 1580,4529 1576,4529 1573,4529 1570,4529 1515,4553 1501,4556 1402,4553 1402,4618"/>
        <Baseline points="1402,4618 3935,4642"/>
        <TextEquiv>
          <Unicode>Dort ziehn ſie her die falſchen Anverwandten,</Unicode>
        </TextEquiv>
      </TextLine>

      
      
      <TextLine id="eSc_line_9782a26e" custom="structure {type:default;}">
        <Coords points="2058,4474 2053,4541 2227,4577 2232,4577 2565,4567 2575,4505 2580,4392 2483,4352 2478,4352 2472,4352 2391,4367 2344,4377 2314,4362 2242,4321 2237,4321 2232,4321 2058,4326 2058,4474"/>
        <Baseline points="2061,4478 2580,4510"/>
        <TextEquiv>
          <Unicode>Kaiſer.</Unicode>
        </TextEquiv>
      </TextLine>

      
      
      <TextLine id="eSc_line_15ceb1b2" custom="structure {type:default;}">
        <Coords points="1450,4802 1450,4833 1631,4833 1665,4860 1669,4860 1672,4860 1675,4864 1747,4864 1747,4860 1751,4860 1754,4860 1788,4833 1897,4833 1901,4833 1952,4860 1955,4860 1959,4864 2071,4864 2071,4860 2075,4860 2078,4860 2106,4840 2245,4860 2249,4860 2252,4860 2348,4833 2351,4833 2358,4833 2426,4860 2430,4860 2433,4860 2437,4860 2508,4840 2536,4857 2539,4857 2542,4857 2546,4857 2549,4857 2553,4857 2553,4853 2577,4833 2580,4833 2597,4833 2754,4857 2757,4857 2761,4857 2795,4840 2836,4860 2839,4860 2843,4860 2846,4860 2928,4836 2942,4833 2955,4836 3010,4850 3013,4850 3017,4850 3020,4850 3051,4836 3058,4833 3085,4836 3184,4850 3188,4850 3413,4836 3495,4833 3525,4836 3645,4860 3648,4860 3785,4836 3785,4802 3785,4751 3689,4751 3686,4747 3628,4717 3624,4717 3621,4717 3618,4717 3614,4717 3566,4747 3566,4751 3382,4751 3379,4747 3328,4720 3324,4720 3321,4720 3317,4720 3314,4720 3314,4724 3287,4744 3229,4700 3225,4700 3222,4700 3000,4700 2996,4700 2993,4700 2884,4747 2880,4751 2836,4751 2836,4747 2781,4703 2781,4700 2778,4700 2775,4700 2641,4700 2638,4700 2635,4700 2546,4747 2542,4747 2488,4730 2484,4730 2481,4730 2478,4730 2430,4747 2426,4747 2327,4700 2324,4700 2321,4700 2317,4700 2222,4724 2160,4703 2157,4703 2153,4703 2150,4703 2146,4703 2088,4744 2061,4724 2058,4724 2054,4724 2051,4724 2048,4724 2044,4724 2044,4727 2020,4747 2017,4751 1829,4751 1826,4747 1733,4700 1730,4700 1621,4700 1617,4700 1614,4700 1611,4700 1553,4747 1549,4747 1450,4747 1450,4802"/>
        <Baseline points="1450,4802 3785,4802"/>
        <TextEquiv>
          <Unicode>Wie ſie mich Oheim, Vetter, Bruder nannten,</Unicode>
        </TextEquiv>
      </TextLine>

      
      
      <TextLine id="eSc_line_576cc4ea" custom="structure {type:default;}">
        <Coords points="1428,4951 1423,4981 1674,5007 1679,5007 1935,4986 1991,4981 2001,4986 2037,5012 2042,5012 2048,5012 2053,5012 2196,4986 2227,4981 2334,4986 2728,5007 2734,5007 2826,4986 2856,5012 2856,5017 2862,5017 2867,5017 2872,5017 3476,4992 3619,5022 3624,5022 3630,5022 3752,4986 3758,4971 3758,4874 3333,4838 3328,4838 3322,4838 3215,4869 3174,4879 3133,4869 2995,4833 2990,4833 2984,4833 2979,4833 2872,4869 2862,4869 2841,4869 2565,4828 2278,4828 2273,4828 2268,4828 2191,4864 2181,4869 1704,4869 1699,4864 1607,4823 1602,4823 1597,4823 1428,4858 1428,4951"/>
        <Baseline points="1430,4952 3761,4972"/>
        <TextEquiv>
          <Unicode>Sich immer mehr und wieder mehr erlaubten,</Unicode>
        </TextEquiv>
      </TextLine>

      
      
      <TextLine id="eSc_line_f5494740" custom="structure {type:default;}">
        <Coords points="1438,5099 1433,5125 1489,5166 1495,5166 1500,5166 1505,5166 1658,5140 1699,5171 1704,5171 1710,5171 1715,5171 2176,5135 2252,5181 2257,5181 2263,5181 2268,5181 2513,5140 2636,5186 2641,5186 2647,5186 2652,5186 2754,5150 2892,5186 2897,5186 2903,5186 2908,5186 3020,5150 3118,5196 3123,5196 3384,5201 3389,5201 3635,5160 3855,5201 3860,5201 3865,5201 3870,5201 3911,5160 3916,5145 3911,5022 3840,5038 3814,5017 3799,5007 3799,5002 3793,5002 3788,5002 3635,4997 3630,4997 3624,4997 3568,5017 3512,5032 3440,5012 3348,4986 3343,4986 3338,4986 3235,5007 3179,5022 3138,5007 3077,4981 3072,4981 3066,4981 3061,4981 3056,4981 3025,5007 3000,5027 2846,5027 2805,5002 2764,4976 2759,4976 2754,4976 2749,4976 2647,4997 2606,5007 2549,4997 2432,4976 2426,4976 2421,4976 2365,4997 2314,5012 2288,4992 2257,4966 2252,4966 2247,4966 2242,4966 2237,4966 2165,4992 2119,5007 1858,5007 1817,4986 1761,4961 1756,4961 1751,4961 1438,4976 1438,5099"/>
        <Baseline points="1440,5102 3918,5147"/>
        <TextEquiv>
          <Unicode>Dem Scepter Kraft, dem Thron Verehrung raubten;</Unicode>
        </TextEquiv>
      </TextLine>

      
      
      <TextLine id="eSc_line_f8dcb701" custom="structure {type:default;}">
        <Coords points="1423,5256 1423,5277 1604,5283 1648,5307 1652,5307 1655,5307 1658,5307 1720,5283 1826,5287 1894,5314 1897,5314 1901,5317 2099,5317 2099,5314 2102,5314 2160,5283 2167,5280 2208,5283 2365,5297 2368,5297 2372,5297 2402,5283 2413,5280 2426,5283 2498,5304 2501,5304 2505,5304 2508,5304 2553,5283 2560,5283 2566,5283 2665,5307 2669,5307 2672,5307 2676,5307 2703,5287 2717,5277 2935,5277 2959,5287 3007,5311 3010,5311 3013,5314 3116,5314 3116,5311 3119,5311 3164,5287 3174,5283 3188,5287 3256,5311 3259,5311 3263,5311 3467,5290 3566,5280 3618,5290 3706,5311 3710,5311 3840,5290 3840,5249 3829,5160 3570,5198 3498,5198 3457,5164 3457,5160 3454,5160 3450,5160 3447,5160 3444,5160 3437,5164 3351,5198 3205,5198 3174,5174 3170,5174 3167,5174 3164,5174 3160,5174 3089,5195 3058,5167 3051,5160 3048,5160 3044,5160 2904,5160 2901,5160 2897,5160 2880,5167 2853,5184 2836,5167 2826,5160 2822,5160 2819,5160 2696,5160 2693,5160 2689,5160 2669,5171 2618,5201 2467,5201 2426,5174 2413,5164 2409,5164 2406,5164 2402,5164 2399,5164 2362,5174 2266,5198 2205,5174 2174,5164 2170,5164 2167,5164 2164,5164 2119,5178 2034,5201 1983,5201 1955,5178 1938,5164 1935,5164 1931,5164 1928,5164 1925,5164 1884,5178 1826,5198 1573,5191 1563,5181 1546,5167 1546,5164 1542,5164 1539,5164 1536,5164 1419,5181 1423,5256"/>
        <Baseline points="1423,5256 3840,5249"/>
        <TextEquiv>
          <Unicode>Dann, unter ſich entzweyt, das Reich verheerten,</Unicode>
        </TextEquiv>
      </TextLine>

      
      
      <TextLine id="eSc_line_28df3aa8" custom="structure {type:default;}">
        <Coords points="1437,5372 1433,5410 1682,5413 1774,5471 1778,5471 1781,5471 1785,5474 2007,5474 2007,5471 2010,5471 2109,5427 2164,5427 2225,5474 2228,5474 2232,5474 2235,5478 2447,5478 2447,5474 2450,5474 2515,5444 2676,5474 2679,5474 2682,5474 2686,5474 2775,5420 2781,5420 2897,5420 2904,5423 3000,5478 3003,5478 3007,5478 3010,5481 3297,5481 3297,5478 3300,5478 3392,5427 3403,5423 3543,5423 3553,5427 3584,5447 3587,5447 3590,5447 3594,5447 3597,5447 3601,5447 3628,5427 3638,5423 3781,5427 3788,5382 3781,5304 3491,5331 3218,5331 3184,5307 3184,5304 3181,5304 3177,5304 3174,5304 3170,5304 3160,5307 3085,5328 2983,5328 2962,5307 2959,5304 2955,5304 2952,5304 2949,5304 2945,5304 2938,5307 2901,5328 2611,5328 2594,5311 2587,5304 2583,5304 2580,5304 2577,5304 2573,5304 2553,5311 2505,5324 2437,5311 2379,5300 2375,5300 2372,5300 2338,5311 2300,5324 2263,5311 2222,5297 2218,5297 2116,5297 2112,5297 2109,5297 2106,5297 2106,5300 2088,5314 2078,5324 1744,5324 1733,5314 1710,5297 1706,5297 1703,5297 1477,5297 1474,5297 1471,5297 1437,5314 1437,5372"/>
        <Baseline points="1437,5372 3788,5382"/>
        <TextEquiv>
          <Unicode>Und nun geſam̄t ſich gegen mich empörten.</Unicode>
        </TextEquiv>
      </TextLine>

      
    </TextRegion>
    

    
  </Page>
</PcGts>
