4096 6144
1228 715 3246 1018 Pater Seraphicus. /: Mittlere Region :/
887 972 2867 1143 Welch ein Morgenwölkchen ſchwebet
808 1116 2933 1326 Durch der Fichten ſchwankend Haar,
1443 1070 1827 1177 Tannen
808 1280 2703 1479 Ahn ich was im Innern lebet?
860 1423 2698 1669 Es iſt junge Geiſterſchaar.
1295 1617 2549 1838 Chor ſeliger Knaben
863 1805 2908 1955 Sag uns Vater wo wir wallen,
877 1962 2904 2150 Sag uns Guter wer wir ſind?
880 2124 2867 2334 Glücklich ſind wir, allen allen
885 2273 2739 2519 Iſt das Daſeyn ſo gelind.
1336 2452 2094 2682 Pat. Seraph.
870 2652 2841 2846 Knaben! Mitternachts Geborne,
906 2775 2831 3036 Halb erſchloſſen Geiſt und Sinn,
894 2966 2925 3191 Für die Eltern gleich Verlorne,
880 3147 2764 3345 Für die Engel zum Gewinn
916 3276 2252 3502 Daß ein Liebender zugegen
916 3404 2442 3671 Fühlt ihr wohl, ſo naht euch nur;
926 3578 2396 3773 Doch von ſchroffen Erdewegen
914 3720 2355 3898 Glückliche! habt ihr keine Spur.
907 3983 2952 4177 Das ſind Bäume, das ſind Felſen,
911 4133 2730 4348 Waſſerſtrom, der abeſtürztabgeſtürzt
911 4280 2826 4520 Und mit ungeheuerm Wälzen
901 4418 2836 4725 Sich den ſteilen Weg verkürzt.
1361 4628 2903 4879 Selige Knaben. /: von innen :/
901 4788 2638 4962 Das iſt mächtig anzuſchauen
890 4918 2508 5089 Doch zu düſter iſt der Ort,
911 5022 3000 5278 Schüttelt uns mit Schreck und Grauen,
952 5191 2682 5413 Edler, Guter laß uns fort.
