4096 6144
2201 727 2897 949 vorgeſchriebenen
1669 877 3437 1071 Und auf regelmäßigen Bahnen
1669 1018 3486 1239 Zieht die Menge durch die Flur;
1645 1201 3355 1344 Den entrollten Lügenfahnen
1686 1348 3420 1515 Folgen alle. – Schafsnatur!
2187 1536 2720 1727 Kaiſer.
1300 1744 3761 1931 Ein Gegenkaiſer kommt mir zum Gewinn,
1305 1889 3722 2099 Nun fühl ich erſt daß Ich der Kaiſer bin.
1307 2065 3686 2232 Nur als Soldat legt ich den Harniſch an,
1262 2222 3730 2399 Zu höherem Zweck iſt er nun umgethan.
1300 2360 3901 2575 Bey jedem Feſt, wenns noch ſo glänzend war,
1290 2563 3863 2717 Nichts ward vermißt, mir fehlte die Gefahr.
1320 2699 3860 2887 Wie ihr auch ſeyd zum Ringſpiel riethet ihr,
1290 2863 3857 3051 Mir ſchlug das Herz ich athmete Turnier.
1283 3020 3805 3208 Selbſtſtändig fühlt ich meine Bruſt beſiegelt,
1269 3205 3768 3389 Als ich mich dort im Feuerreich beſpiegelt,
1269 3338 3722 3543 Das Element drang gräßlich auf mich los,
1289 3502 3973 3758 Es war nur Schein, allein der Schein war groß.
1190 3676 3962 3956 Ihr habt mir ſtets vom Kriegen abgerathen,
1177 3860 3925 4124 Jetzt glänzt’ ich ſchon in lichten Heldenthaten.
1285 3988 3927 4239 Von Sieg und Ruhm hab ich verwirrt geträumt,
1254 4162 3916 4423 Ich bringe nach was frevelhaft verſäumt.
1633 4352 3840 4615 /: die Herolde werden abgefertigt :/
1792 4556 3978 4776 Fauſt. Mephiſto./: geharniſcht, mit geſchloſ„
2001 4474 3640 4613 zu Herausforderung des Gegenkaiſers
2686 4720 3706 4877 ſenem Helmen :/
1716 4898 3911 5123 Die drey Gewaltigen /: gekleidet
2519 5063 3942 5319 und gerüſtet wie oben :/
