4096 6144
1131 849 2851 1049 Irrfunken=Blick an allen Enden,
1122 1010 2990 1201 Ein Leuchten plötzlich zu verblenden.
1121 1126 2867 1326 Das alles wäre wunderſchön,
1140 1286 3119 1471 Nun aber brauchts noch Schreckgetön.
1488 1413 1914 1604 Fauſt.
979 1597 3249 1761 Die hohlen Waffen aus der Säle Grüften,
1008 1730 3317 1950 Empfinden ſich erſtarkt in freyen Lüften;
996 1911 3225 2071 Da droben raſſelts, klapperts lange ſchon,
1003 2051 2949 2218 Ein wunderbarer falſcher Ton.
1546 2208 2092 2392 Mephiſt.
977 2350 3220 2580 Ganz recht! ſie ſind nicht mehr zu zügeln,
996 2539 3208 2723 Schon ſchallts von ritterlichen Prügeln,
1020 2689 2867 2860 Wie in der holden alten Zeit.
957 2821 3087 3036 Der Arme, wie der Beine ſchienen,
1566 2805 1960 2923 ſchienen
972 2979 3036 3210 Als Guelfen und als Ghibellinen,
1024 3174 3044 3321 Erneuen raſch den ewigen Streit.
1034 3297 2944 3517 Feſt, im ererbten Sinne wöhnlich,
1013 3502 2894 3693 Erweiſen ſie ſich unverſöhnlich,
1006 3665 3092 3836 Schon klingt das Toſen weit und breit.
947 3793 2964 4029 Zuletzt, bey allen Teufelsfeſten,
1041 3966 3310 4184 Wirkt der Partheyhaß doch zum Beſten,
1088 4119 2826 4300 Bis in den allerletzten Grauß.
1044 4249 3281 4480 Schallt wider=widerwärtiger paniſch,
1044 4403 3087 4654 Mitunter grell und ſcharf=ſataniſch,
1054 4613 3005 4823 Erſchreckend in das Thal hinaus.
1623 4766 3481 5002 /: Kriegstummult im Orcheſter,
1634 4956 3440 5137 zuletzt übergehend in militai„
1665 5109 3000 5345 riſch heitre Weiſen) :/
