4096 6144
993 576 1064 703 2
1993 884 2846 1071 Mephiſtopheles.
1846 1071 2990 1249 /: am Throne knieend :/
1594 1314 3761 1512 Was iſt verwünſcht und ſtets willkom̄en?
1488 1495 3379 1699 Was iſt erſehnt und ſtets verjagt?
1498 1665 3577 1887 Was immerfort in Schutz genommen?
1484 1867 3519 2078 Was hart geſcholten und verklagt?
1488 2051 3525 2273 Wen darfſt du nicht herbeyberufen?
1481 2252 3355 2467 Wen höret jeder gern genannt?
1484 2416 3471 2638 Was naht ſich deines Thrones Stufen?
1488 2611 3508 2860 Was hat ſich ſelbſt hinweggebannt?
2092 2914 2594 3051 Kaiſer.
1341 3041 3317 3281 Für diesmal ſpare deine Worte!
1372 3235 3382 3471 Hier ſind die Räthſel nicht am Orte,
1372 3423 3324 3604 Das iſt die Sache dieſer Herrn. –
1341 3611 3136 3809 Da löſe du! das hört’ ich gern:
1385 3737 3894 3959 Mein alter Narr ging, fürcht’ ich, weit in’s Weite;
1385 3915 3898 4119 Nimm ſeinen Platz und komm an meine Seite.
2222 4113 3908 4352 Mephiſto. /: ſteigt hinauf und ſtellt
2867 4273 3771 4464 ſich zur linken :/
2007 4461 3102 4655 Gemurmel, der Menge.
1571 4613 3343 4879 Ein neuer Narr – Zu neuer Pein
1623 4797 3374 4986 Wo kom̄t er her – Wie kam er ein –
1597 4935 3532 5143 Der Alte fiel – Der hat verthan –
1634 5068 3566 5307 Es war ein Faß – Nun iſts ein Span –
3399 5215 3860 5379 Kaiſer
3430 5352 3925 5481 Und alſo
3614 5457 3891 5591 fol 4
