4096 6144
1437 832 1911 1020 Mephiſt.
846 959 3365 1150 Mir brennt der Kopf, das Herz, die Leber brennt,
860 1116 2380 1336 Ein überteuflich Element!
856 1269 2867 1464 Weit ſpitziger als Höllenfeuer. –
839 1408 2713 1628 Drum jam̄ert ihr ſo ungeheuer
829 1553 3225 1761 Unglückliche Verliebte! die, verſchmäht,
844 1715 3246 1940 Verdrehten Halſes nach der Liebſten ſpäht.
911 1952 3386 2167 Auch mir! Was zieht den Kopf auf jene Seite?
771 2106 3266 2314 Bin ich mit ihr doch im geſchwornem Streite?
832 2259 3249 2443 Der Anblick war mir ſonſt ſo feindlich ſcharf.
829 2380 3307 2580 Hat mich ein Fremdes durch und durch gedrungen,
795 2556 3280 2757 Ich mag ſie gerne ſehen die hübſchen Jungen;
2293 2508 2925 2618 allerliebſten
829 2696 3355 2887 Was hält mich ab daß ich nicht fluchen darf? –
819 2853 2764 3017 Und wenn ich mich bethören laſſe
826 2996 3068 3194 Wer heißt denn künftighin der Thor?
805 3174 2754 3348 Die Wetterbuben die ich haſſe
836 3328 3225 3508 Sie kom̄en mir doch gar zu lieblich vor. –
1037 3525 3177 3710 Ihr ſchönen Kinder laßt mich wiſſen:
839 3689 3293 3863 Seyd ihr nicht auch von Lucifers Geſchlecht?
855 3824 3384 4044 Ihr ſeyd ſo hübſch, fürwahr ich möcht euch küſſen;
849 4017 2798 4164 Mir iſts als kommt ihr eben recht.
849 4121 2944 4331 Es iſt mir ſo behaglich, ſo natürlich
834 4264 3251 4495 Als hätt ich euch ſchon tauſendmal geſehn,
849 4413 2826 4633 So heimlich=kätzchenhaft begierlich;
849 4597 3287 4802 Mit jedem Blick aufs neue ſchöner ſchön.
870 4720 3174 5007 O nähert euch, o gönnt mir Einen Blick!
