4096 6144
870 860 3123 1099 Doch am hohen Balken drinnen, der des Daches
2102 1020 2727 1201 Giebel trägt,
911 1187 3157 1399 Wie im Vogelfang die Droſſeln, zappelt ihr der
2123 1320 2679 1512 Reihe nach.
1419 1495 2239 1686 Helena und Chor.
1051 1624 3109 1822 /: ſtehen erſtaunt und erſchreckt, in bedeutender,
1303 1781 2594 1955 wohl vorbereiteter Gruppe :/
1573 1921 2027 2133 Phorkyas
938 2088 3287 2290 Geſpenſter! – – – Gleich erſtarrten Bildern ſteht ihr da,
935 2252 3184 2461 Geſchreckt vom Tag zu ſcheiden der euch nicht gehört.
904 2437 3075 2618 Die Menſchen, die Geſpenſter ſäm̄tlich gleich wie ihr,
918 2580 3075 2768 Entſagen auch nicht willig hehrem Sonnenſchein;
911 2737 3184 2914 Doch bittet, oder rettet niemand ſie vom Schluß;
911 2904 2990 3072 Sie wiſſen’s alle, wenigen doch gefällt es nur.
911 3054 3136 3256 Genug ihr ſeyd verloren! Alſo friſch ans Werk.
1409 3225 3242 3409 /: klatſcht in die Hände, darauf erſcheinen
1481 3403 3225 3580 an der Pforte vermum̄te Zwergge„
1491 3563 3211 3737 ſtalten, welche die ausgeſprochenen
1491 3720 3246 3898 Befehle alſobald mit Behendigkeit aus„
1501 3904 1986 4082 führen :/
942 4147 3167 4341 Herbey du düſtres, kugelrundes Ungethüm,
921 4358 3276 4560 Wälzt euch hieher, zu ſchaden giebt es hier nach Luſt.
