4096 6144
2024 761 2478 890 Baccal.
1539 894 3529 1071 Erfahrungsweſen! Schaum und Duſt!
1491 1064 3403 1204 Und mit dem Geiſt nicht ebenbürtig.
1495 1198 3467 1361 Geſteht! was man von je gewußt
1621 1338 3607 1495 Es iſt durchaus nicht wiſſenswürdig...
2061 1501 3727 1662 Mephiſt. /: nach einer Pauſe :/
1501 1658 3676 1832 Mich däucht es längſt. Ich war ein Thor,
1501 1802 3860 1976 Nun kom̄’ ich mir recht ſchaal und albern vor.
2075 1979 2594 2102 Baccal.
1481 2071 3911 2304 Das freut mich ſehr! da hör’ ich doch Verſtand,
1488 2249 3908 2471 Der erſte Greis, den ich vernünftig fand!
2194 2454 2515 2611 Meph.
2648 2515 3317 2641 en=goldnem
1525 2590 3269 2754 Ich ſuchte nach verborgnem Schatze,
2805 2652 3066 2795 trug
1505 2710 3590 2918 Und ſchauerliche Kohlen fand ich fort.
2143 2891 2508 3020 Bacc.
1474 3024 3659 3211 Geſteht nur, euer Schädel, eure Glatze
1495 3174 3843 3375 Iſt nicht mehr werth als jene hohlen dort?
2245 3338 3392 3546 Meph. /: gemüthlich :/
1484 3447 3925 3659 Du weißt wohl nicht, mein Freund, wie grob du biſt?
2247 3655 2595 3819 Bacc.
1518 3768 3775 3983 Im Deutſchen lügt man, wenn man höflich iſt.
2324 3952 3928 4130 Meph. /: der mit ſeinem Rollſtuhle
2699 4082 3935 4239 im̄er näher ins Proscenium
2703 4208 3840 4392 rückt, zum Parterre :/
1460 4358 3802 4539 Hier oben wird mir Licht und Luft benommen,
1474 4474 3865 4715 Ich finde wohl bey euch ein Unterkommen?
2278 4659 2575 4807 Bacc.
1426 4795 3737 5010 Anmaßlich find’ ich daß zur ſchlechtſten Friſt
1488 4969 3795 5164 Man etwas ſeyn will, wo man nichts mehr iſt.
