4096 6144
1940 921 3000 1121 Fauſt /: erblindet :/
1454 1075 3906 1310 Die Nacht ſcheint tiefer tief hereinzudringen
1433 1256 3505 1416 Allein im Innern leuchtet helles Licht;
1484 1361 3829 1592 Was ich gedacht ich eil es zu vollbringen;
1460 1546 3938 1706 Des Herren Wort es giebt allein Gewicht.
1474 1669 3921 1873 Vom Lager auf ihr Knechte! Mann für Mann!
1484 1839 3928 2024 Laßt glücklich ſchauen was ich kühn erſann.
1498 1993 3976 2191 Ergreift das Werkzeug, Schaufel rührt und Spaten,
1501 2140 3631 2341 Das Abgeſteckte muß ſogleich gerathen.
1508 2297 3341 2457 Auf ſtrenges Ordnen, raſchen Fleiß,
1563 2437 3314 2587 Erfolgt der allerſchönſte Preis;
1529 2570 3502 2730 Daß ſich das größte Werk vollende
1529 2696 3570 2880 Genügt Ein Geiſt für tauſend Hände.
1856 2928 3355 3116 Großer Vorhof des Pallaſts.
2092 3229 3072 3372 Vor dem Pallaſt
2071 3365 3747 3553 Mephiſt. /: als Aufſeher, voran :/
1848 3486 3543 3686 Herbey herbey! herein herein!
1863 3624 3425 3819 Ihr ſchlotternden Lemuren,
1858 3768 3640 3957 Aus Bändern, Sehnen und Gebein
2133 3751 2822 3857 Ligamenten
1860 3894 3256 4082 Geflickte Halbnaturen.
2129 4039 3092 4239 Lemuren im Chor
1863 4136 3681 4387 Wir treten dir ſogleich zur Hand,
1853 4328 3642 4512 Und, wie wir halb vernom̄en,
1873 4468 3850 4672 Es gilt wohl gar ein weites Land
1894 4621 3430 4792 Das ſollen wir bekom̄en.
1894 4809 3635 5017 Geſpitzte Pfähle die ſind da,
1904 4935 3696 5181 Die Kette lang fürs Meſſen;
1901 5116 3771 5317 Warum an uns der Ruf geſchah
1843 5270 3512 5498 Das haben wir vergeſſen.
