4096 6144
931 634 3157 808 Fauſt, geharniſcht mit halbgeſchloßnem Helme,
952 764 3324 928 die drey Gewaltigen, gerüſtet und gekleidet wie oben.
1377 865 1868 1039 Fauſt.
983 1000 3082 1194 Wir treten auf, und hoffen ungeſcholten;
863 1143 3208 1372 Auch ohne Noth hat Vorſicht wohl gegolten.
875 1300 3363 1495 Du weiſt das Bergvolk denkt und ſimulirt,
873 1450 3232 1645 Iſt in Natur= und Felſenſchrift ſtudirt.
901 1628 3355 1798 Die Geiſter, längſt dem flachen Land entzogen,
887 1768 3266 1962 Sind mehr als ſonſt dem Felsgebirg gewogen.
884 1925 3102 2109 Sie wirken durch labyrinthiſche Klüfte,
1536 1863 1802 2012 ſtill
885 2073 3220 2268 Im edlen Gas, metalliſch reicher Düfte;
979 2211 1116 2315 In
890 2201 3420 2416 Und ſtetem Sondern, Prüfen und Verbinden,
897 2382 3242 2590 Ihr einziger Trieb iſt Neues zu erfinden.
890 2563 3218 2744 Mit leiſem Finger geiſtiger Gewalten,
897 2720 3157 2932 Erbauen ſie durchſichtige Geſtalten;
843 2867 3444 3089 Dann im Kryſtall und ſeiner ewigen Schweigniß,
865 3041 2984 3287 Erblicken ſie der Oberwelt Ereigniß.
1433 3189 2012 3425 Kaiſer.
856 3379 2993 3577 Vernom̄en hab ich’s und ich glaube dir;
866 3553 3426 3744 Doch, wackrer Mann, ſag an: was ſoll das hier.
1546 3723 1931 3928 Fauſt.
860 3873 3138 4090 Der Negromant von Norcia, der Sabiner,
911 4075 3031 4256 Iſt dein getreuer ehrenhafter Diener.
880 4224 3107 4418 Welch gräulich Schickſal droht’ ihm ungeheuer,
870 4392 3046 4618 Das Reißig praſſelte, ſchon züngelte das Feuer;
880 4536 3066 4741 Die trocknen Scheite, rings umher verſchränkt,
928 4706 3082 4867 Mit Pech und Schwefelruthen untermengt;
921 4829 3259 5027 Nicht Menſch, noch Gott, noch Teufel konnte retten,
911 4980 3194 5178 Die Majeſtät zerſprengte glühende Ketten.
