4096 6144
1355 808 1942 989 Die Parzen
1382 983 1966 1157 Atropos.
1068 1126 2570 1293 Mich die älteſte zum Spinnen
1082 1276 2570 1419 Hat man diesmal eingeladen
1071 1413 2604 1566 Viel zu denken, viel zu ſinnen
1071 1559 2679 1716 Giebts beym zarten Lebensfaden.
1095 1781 2703 1959 Daß er euch gelenk und weich ſey
1095 1931 2850 2112 Wußt ich feinſten Flachs zu ſichten;
1071 2082 3017 2273 Daß er glatt und ſchlank und gleich ſey
1085 2239 2795 2420 Wird der kluge Finger ſchlichten.
1075 2471 2682 2672 Wolltet ihr bey Luſt und Tänzen
1044 2631 2488 2819 Allzuüppig euch erweiſen;
1071 2775 2710 2955 Denkt an dieſes Fadens Gränzen,
1075 2894 2676 3106 Hütet euch! Er möchte reißen!
1505 3072 2007 3292 Lacheſis.
1068 3317 2645 3498 Wißt, in dieſen letzten Tagen
1071 3491 2785 3645 Ward die Scheere mir vertraut;
1047 3631 2897 3819 Denn man war von dem Betragen
1058 3775 2525 3949 Unſrer Alten nicht erbaut.
1061 4010 2737 4184 Zerrt unnützeſte Geſpinnſte
1092 4154 2618 4307 Lange ſie an Licht und Luft
1099 4287 2747 4471 Hoffnung herrlichſter Gewinnſte
1095 4423 2921 4635 Schleppt ſie ſchneidend zu der Gruft.
1068 4648 2843 4819 Doch auch ich, im Jugend=Walten,
1051 4792 2717 4962 Irrte mich ſchon hundertmal;
1126 4935 2829 5106 Heute mich im Zaum zu halten,
1119 5079 2573 5273 Scheere ſtickt im Futteral.
