4096 6144
1198 805 3072 1006 Baccalaureus /: den Gang herſtürmend :/
894 1020 2433 1211 Thor und Thüre find ich offen!
911 1184 2546 1361 Nun da läßt ſich endlich hoffen
904 1351 2631 1501 Daß nicht, wie bisher, im Moder,
890 1518 2519 1672 Der Lebendige wie ein Todter,
890 1672 2669 1846 Sich verkümmere, ſich verderbe
901 1822 2600 1996 Und am Leben ſelber ſterben.
1112 2051 2717 2218 Dieſe Mauern, dieſe Wände
897 2218 2560 2402 Neigen, ſenken ſich zum Ende
904 2389 2918 2542 Und wenn wir nicht bald entweichen
904 2536 2860 2710 Wird uns Fall und Sturz erreichen.
894 2717 2706 2863 Bin verwegen, wie nicht einer,
894 2867 2693 3031 Aber weiter bringt mich keiner.
1136 3061 2979 3256 Doch was ſoll ich heut erfahren!
897 3225 3020 3409 War’s nicht hier, vor ſo viel Jahren,
901 3386 2744 3563 Wo ich, ängſtlich und beklommen,
897 3549 2775 3730 War als guter Fuchs gekom̄en?
907 3720 2717 3904 Wo ich dieſen Bärtigen traute,
907 3894 2679 4072 Mich an ihrem Schnack erbaute.
1105 4123 2894 4287 Aus den alten Bücherkruſten
894 4283 2891 4471 Logen ſie mir was ſie wußten,
911 4454 3068 4638 Was ſie wußten, ſelbſt nicht glaubten,
914 4614 2754 4799 Sich und mir das Leben raubten.
3181 563 3273 679 56
