4096 6144
1921 1010 2461 1198 Mephiſto.
1396 1204 3754 1416 Ihn ſättigt keine Luſt, ihm gnügt kein Glück,
1402 1409 3911 1573 So buhlt er fort nach wechſelnden Geſtalten;
1399 1576 3706 1774 Den letzten, ſchlechten, leeren Augenblick
1385 1757 3669 1942 Der Arme wünſcht ihn feſt zu halten.
1389 1931 3269 2109 Der mir ſo kräftig widerſtand,
1392 2102 3952 2327 Die Zeit wird Herr, der Greis hier liegt im Sand.
1385 2286 2491 2491 Die Uhr ſteht ſtill
2076 2457 2478 2707 Chor.
1812 2641 3853 2860 Steht ſtill! Sie ſchweigt wie Mitternacht.
