4096 6144
860 853 3177 1071 Drum ſchweige du und grinſe ſie nicht länger an.
849 1075 3304 1276 Haſt du das Haus des Königs wohl verwahrt bisher,
873 1276 3235 1457 Anſtatt der Hausfrau, ſolches dient zum Ruhme dir;
856 1450 3191 1634 Doch jetzo kommt ſie ſelber, tritt nun du zurück,
866 1624 3095 1826 Damit nicht Strafe werde ſtatt verdienten Lohns.
1529 1839 2030 2075 Phorkyas
894 2061 3290 2286 Den Hausgenoſſen drohen bleibt ein großes Recht,
928 2252 3024 2433 Das gottbeglückten Herrſchers hohe Gattin ſich
918 2433 3307 2607 Durch langer Jahre weiſe Leitung wohl verdient.
921 2614 3034 2795 Da du, nun Anerkannte! nun den alten Platz
935 2788 3314 2959 Der Königin und Hausfrau wiederum betrittſt,
955 2942 3147 3143 So faſſe längſt erſchlaffte Zügel, herrſche nun,
952 3143 3249 3331 Nimm in Beſitz den Schatz und ſäm̄tlich uns dazu.
972 3300 2867 3471 Vor allem aber ſchütze mich die ältere
989 3433 3351 3648 Vor dieſer Schaar, die, neben deiner Schönheit Schwan,
972 3607 3106 3853 Nur ſchlechtbefittigt ſchnatterhafte Gänſe ſind.
1372 3783 2094 4034 Chorführerin.
1006 4058 3351 4311 Wie häßlich neben Schönheit zeigt ſich Häßlichkeit.
1397 4249 1817 4490 Phork:
948 4553 3147 4747 Wie unverſtändig neben Klugheit Unverſtand.
