4096 6144
1262 788 3628 993 Wähnt ihr, verborgen ſey mir welch Geſchlecht ihr ſeyd,
1276 969 3328 1153 Du kriegerzeugte, ſchlachterzogne, junge Brut?
1269 1143 3529 1307 Mannluſtige du, ſo wie verführt verführende,
1262 1320 3744 1495 Entnervend beide, Kriegers auch und Bürgers Kraft.
1274 1536 3758 1761 Zu Hauf euch ſehend ſcheint mir ein Cicaden„Schwarm
1283 1751 3416 1962 Herabzuſtürzen, deckend grüne Felderſaat.
1297 1952 3519 2123 Verzehrerinnen fremden Fleißes! Naſchende
1297 2123 3577 2300 Vernichterinnen aufgekeimten Wohlſtands ihr,
1280 2283 3723 2481 Erobert, marktverkauft, vertauſchte Waare du!
1894 2503 2401 2764 Helena
1341 2790 3783 3031 Wer gegenwarts der Fraun die Dienerinnen ſchilt,
1280 2959 3783 3189 Der Gebiet’rin Hausrecht taſtet er vermeſſen an;
1280 3164 3502 3399 Denn ihr gebührt allein das Lobenswürdige
1310 3348 3799 3568 Zu rühmen, wie zu ſtrafen was verwerflich iſt.
1314 3556 3840 3744 Auch bin des Dienſtes ich wohl zufrieden, den ſie mir
1320 3758 3461 3952 Geleiſtet als die hohe Kraft von Ilios
1327 3942 3570 4078 Umlagert ſtand und fiel und lag; nicht weniger
1314 4096 3635 4266 Als wir der Irrfahrt kummervolle Wechſelnoth
1331 4263 3611 4447 Ertrugen, wo ſonſt jeder ſich der nächſte bleibt.
1320 4428 3783 4623 Auch hier erwart’ ich gleiches von der muntern Schaar;
1310 4592 3845 4848 Nicht was der Knecht ſey, fragt der Herr, nur wie er dient
