4096 6144
1013 781 1751 986 Weitläufiger
3095 706 3266 866 18
1054 860 3312 1136 Der vorige Saal, mit Nebengemächern,
979 1058 2600 1259 ausgeräumt, verziert und aufgeputzt
1204 1256 2153 1413 zur Mummenſchanz.
1495 1539 1880 1720 Herold.
873 1730 2819 1928 Denckt nicht ihr ſeyd in deutſchen Gränzen
877 1908 2897 2068 Von Teufels= Narren= und Todtentänzen,
901 2078 2529 2239 Ein heitres Feſt erwartet euch.
897 2228 2778 2389 Der Herr, auf ſeinen Römerzügen,
921 2389 2874 2563 Hat, ſich zu Nutz, euch zum Vergnügen,
907 2553 2529 2717 Die hohen Alpen überſtiegen,
918 2703 2556 2880 Gewonnen ſich ein heitres Reich.
884 2863 2693 3041 Der Kaiſer, er, an heiligen Solen,
931 3017 2703 3208 Erbat ſich erſt das Recht zur Macht,
928 3177 3065 3372 Und als er ging die Krone ſich zu holen,
921 3334 2949 3522 Hat er uns auch die Kappe mitgebracht.
918 3522 2775 3679 Nun ſind wir alle neugeboren;
911 3682 2600 3857 Ein jeder weltgewandte Mann
894 3833 2938 4020 Zieht ſie behäglich über Kopf und Ohren;
938 4000 2730 4191 Sie ähnlet ihn verrückten Thoren,
959 4184 2990 4345 Er iſt darunter weiſe wie er kann.
921 4338 2833 4539 Ich ſehe ſchon wie ſie ſich ſchaaren,
911 4505 3075 4689 Sich ſchwankend ſondern, traulich paaren;
870 4642 2928 4874 Zudringlich ſchließt ſich Chor an Chor.
935 4829 2904 5014 Herein, hinaus, nur unverdroßen;
931 4997 2880 5160 Es bleibt doch endlich, nach wie vor,
928 5130 2795 5300 Mit ihren hundertauſend Poſſen,
921 5283 2921 5468 Die Welt ein einziger großer Thor.
