4096 6144
1315 793 1740 1003 Sphinx.
791 976 3252 1167 Mag ſeyn! Haſt du von Sternen einige Kunde?
785 1143 3229 1344 Was ſagſt du zu der gegenwärt’gen Stunde?
1365 1324 2751 1508 Meph. /: aufſchauend :/
778 1460 3304 1658 Stern ſchießt nach Stern, beſchnittner Mond ſcheint helle
771 1631 3054 1792 Und mir iſt wohl an dieſer trauten Stelle,
781 1792 2938 1959 Ich wärme mich an deinem Löwenfelle.
768 1955 3205 2143 Hinauf ſich zu verſteigen wär’ zum Schaden,
778 2123 3198 2310 Gieb Räthſel auf, gieb allenfalls Charaden.
1418 2293 1940 2539 Sphinx.
764 2512 3297 2723 Sprich nur dich ſelbſt aus, wird ſchon Räthſel ſeyn.
617 2657 3118 2991 Verſuch einmal dich innigſt aufzulöſen:
768 2836 3266 3036 „Dem frommen Manne nöthig wie dem böſen,
778 3041 3116 3215 Dem ein Plaſtron, ascetiſch zu rapiren,
785 3205 3201 3379 Kumpan dem andern, Tolles zu vollführen,
771 3368 3167 3566 Und beydes nur, um Zeus zu amüſiren.„
1433 3577 2969 3781 1.er Greif /: ſchnarrend :/
740 3802 1850 3986 Den mag ich nicht!
1447 3945 3273 4177 2er Greif. /: ſtärker ſchnarrend :/
1501 4157 2819 4311 Was will uns der?
1539 4314 1969 4505 Beyde.
805 4485 2996 4676 Der Garſtige gehöret nicht hier her!
1549 4655 2641 4840 Meph. /: brutal :/
771 4812 3287 4983 Du glaubſt vielleicht des Gaſtes Nägel krauen
824 4925 3297 5155 Nicht auch ſo gut wie deine ſcharfen Klauen?
774 5102 1829 5297 Versuchs einmal!
