4096 6144
1338 901 3502 1105 Der Gipfel ſich, der Schluchten ſich erfreut,
1377 1064 3686 1315 Und Fels an Fels und Berg an Berg gereiht;
1334 1269 3505 1440 Die Hügel dann bequem hinabgebildet,
1358 1416 3682 1604 Mit ſanftem Zug ſie in das Thal gemildet.
1344 1583 3734 1761 Da grünts und wächst’s, und um ſich zu erfreuen
1372 1768 3594 1942 Bedarf ſie nicht der tollen Strudeleyen.
2099 1931 2556 2106 Mephiſt.
1378 2092 3812 2286 Das ſprecht ihr ſo! Das ſcheint euch ſonnenklar.
1368 2280 3638 2440 Doch weiß es anders der zugegen war.
1348 2433 3737 2594 Ich war dabey, als noch da drunten, ſiedend,
1389 2583 3730 2778 Der Abgrund ſchwoll und ſtrömend Flam̄en trug,
1351 2749 3814 2944 Als Molochs Ham̄er, Fels an Felſen ſchmiedend,
1355 2932 3587 3126 Gebirges„Trümmer in die Ferne ſchlug.
1382 3056 3962 3271 Noch ſtarrt das Land von fremden Zentnermaſſen;
1378 3235 3785 3437 Wer giebt Erklärung ſolcher Schleudermacht?
1338 3413 3700 3597 Der Philoſoph er weiß es nicht zu faſſen,
1320 3548 3880 3804 Da liegt der Fels, man muß ihn liegen laſſen,
1327 3754 3880 3949 Zu Schanden haben wir uns ſchon gedacht. –
1348 3915 3529 4058 Das treu=gemeine Volk allein begreift
1382 4049 3394 4275 Und läßt ſich im Begriff nicht ſtören;
1334 4242 3508 4427 Ihm iſt die Weisheit längſt gereift:
1377 4382 3845 4597 Ein Wunder iſt’s, der Satan kom̄t zu Ehren.
1375 4573 3911 4765 Mein Wandrer hinkt, an ſeiner Glaubenskrücke,
1305 4730 3573 4966 Zum Teufelsſtein, zur Teufelsbrücke.
2044 4918 2426 5106 Fauſt.
1402 5085 3580 5256 Es iſt doch auch bemerkenswerth zu achten,
1396 5222 3744 5420 Zu ſehn wie Teufel die Natur betrachten.
