4096 6144
1396 928 3614 1126 Sie ſtürzen fort zu ganzen hellen Haufen,
1406 1112 3382 1273 Die Narren wähnen zu erſaufen,
1433 1245 3758 1433 Indem ſie frey auf feſtem Lande ſchnaufen,
1413 1440 3822 1563 Und lächerlich mit Schwimmgebärden laufen.
1428 1551 3118 1715 Nun iſt Verwirrung überall.
2030 1720 3874 1911 /: die Raben ſind wieder gekom̄en :/
1454 1858 3752 2099 Ich werd euch bey dem hohen Meiſter loben;
1428 2037 3937 2263 Wollt ihr euch nun als Meiſter ſelbſt erproben,
1413 2206 3404 2416 So eilet zu der glühenden Schmiede,
1443 2365 3589 2570 Wo das Gezwerg=Volk, nimmer müde,
1433 2546 3498 2747 Metall und Stein zu Funken ſchlägt.
1433 2723 3795 2925 Verlangt, weitläufig ſie beſchwatzend,
1423 2872 3706 3112 Ein Feuer, leuchtend, blinkend, platzend,
1460 3078 3447 3239 Wie man’s im hohen Sinne hegt.
1413 3246 3761 3409 Zwar Wetterleuchten in der weiten Ferne,
1423 3348 1740 3478 Blick
1469 3379 3732 3604 Windſchnelles Fallen allerhöchſter Sterne,
1460 3532 3423 3751 Mag jede Som̄ernacht geſchehn;
1416 3727 3904 3928 Doch Wetterleuchten in verworrnen Büſchen,
1433 3880 3927 4121 Und Sterne die am feuchten Boden ziſchen,
1416 4092 3522 4270 Das hat man nicht ſo leicht geſehn.
1454 4234 3701 4449 So müßt ihr, ohn’ Euch viel zu quälen,
1477 4416 3577 4590 Zuvörderſt bitten, dann befehlen.
1993 4584 3884 4785 Raben /: ab. Es geſchieht wie vor„
2805 4720 3676 4899 geſchrieben :/
2020 4846 2580 5031 Mephiſt.
1467 4997 3481 5181 Den Feinden dichte Finſterniſſe!
1474 5195 3754 5372 Und Tritt und Schritt in’s Ungewiſſe!
