4096 6144
1703 791 3112 1010 Phorkyas /: heftig eintretend :/
1536 989 2877 1160 Buchſtabirt in Liebes„Fibeln,
1583 1133 3072 1273 Tändelnd grübelt nur am Liebeln,
1566 1259 3010 1416 Müßig liebelt fort im Grübeln,
1563 1389 2720 1532 Doch dazu iſt keine Zeit.
1549 1477 3239 1665 Fühlt ihr nicht ein dumpfes Wettern?
1541 1607 3159 1822 Hört nur die Trompete ſchmettern,
1529 1768 2850 1911 Das Verderben iſt nicht weit.
1542 1877 2880 2041 Menelas mit Volkes„Wogen
1539 2030 2911 2160 Kommt auf euch herangezogen;
1553 2140 2996 2290 Rüſtet euch zu herbem Streit!
1556 2273 3123 2442 Von der Sieger‐Schaar umwimmelt,
1536 2413 2908 2573 Wie Deiphobus verſtümmelt
1539 2539 3072 2706 Büßeſt du das Fraun„Geleit.
1530 2652 3159 2841 Bammelt erſt die leichte Waare,
1522 2805 2822 2962 Dieſer gleich iſt am Altare
1556 2938 2884 3170 Neugeſchliffnes Beil bereit.
2017 3116 2341 3252 Fauſt.
1355 3297 3611 3440 Verwegne Störung! widerwärtig dringt ſie ein,
1375 3423 3549 3580 Auch nicht in Gefahren mag ich ſinnlos Ungeſtüm.
1375 3549 3560 3754 Den ſchönſten Boten Unglücksbotſchaft häßlicht ihn;
1385 3720 3734 3935 Du Häßlichſte gar nur ſchlimme Botſchaft bringſt
2802 3894 3242 4051 du gern.
1392 4034 3781 4222 Doch dießmal ſoll dirs nicht gerathen, leeres Hauchs
1399 4205 3652 4410 Erſchüttere du die Lüfte. Hier iſt nicht Gefahr,
1402 4389 3754 4577 Und ſelbſt Gefahr erſchiene nur als eitles Dräun.
2017 4567 3783 4771 /: Signale, Exploſionen von den Thür„
1447 4724 3785 4925 men, Trompeten und Zinken, kriegeriſche Muſik, Durch„
1454 4853 2764 5075 marſch gewaltiger Heereskraft.)
