4096 6144
1576 887 3597 1071 Und endlich, wo kein Thor beſchränkt,
1556 1034 3302 1259 Vorſtädte gränzenlos verlängt.
1525 1198 3456 1413 Da freut ich mich an Rollekutſchen,
1515 1382 3679 1587 Amlärmigen Hin= und Wiederrutſchen,
1522 1556 3662 1737 Am ewigen= Hin= und Wiederlaufen,
1501 1730 3785 1925 Zerſtreuter Ameis=Wimmelhaufen.
1546 1925 3532 2099 Und, wenn ich führe, wenn ich ritte,
1549 2099 3263 2239 Erſchien ich immer ihre Mitte
1559 2273 3474 2447 Von Hunderttauſenden verehrt.
2048 2423 2539 2638 Fauſt.
1510 2611 3696 2836 Das kann mich nicht zufrieden ſtellen!
1539 2785 3727 2976 Man freut ſich daß das Volk ſich mehrt,
1529 2973 3532 3150 Nach ſeiner Art behäglich nährt,
1525 3133 3252 3334 Sogar ſich bildet ſich belehrt,
1546 3307 3650 3507 Und man erzieht ſich nur Rebellen.
2129 3529 2669 3689 Mephiſt.
1505 3645 3898 3840 Dann baut ich, grandios, mir ſelbſt bewußt,
1488 3812 3467 4024 Am luſtigen Ort ein Schloß zur Luſt.
1495 3983 3570 4212 Wald, Hügel, Flächen, Wieſen, Feld
1467 4188 3495 4382 Zum Garten prächtig umbeſtellt.
1489 4336 3522 4520 Vor grünen Wänden Sam̄et=Matten,
1495 4505 3456 4705 Schnurwege, kunſtgerechte Schatten,
1474 4654 3747 4894 Cascadenſturz, mit Fels zu Fels gepaart,
2360 4638 2600 4756 durch
1477 4860 3440 5014 Und Waſſerſtrahlen aller Art;
1469 4992 3732 5186 Ehrwürdig ſteigt es dort, doch an den Seiten,
1469 5130 3875 5386 Da ziſchſt’s und pißſts, in tauſend Kleinigkeiten.
