<?xml version="1.0" encoding="UTF-8"  standalone="yes"?>
<PcGts xmlns="http://schema.primaresearch.org/PAGE/gts/pagecontent/2019-07-15" xmlns:xsi="http://www.w3.org/2001/XMLSchema-instance" xsi:schemaLocation="http://schema.primaresearch.org/PAGE/gts/pagecontent/2019-07-15 http://schema.primaresearch.org/PAGE/gts/pagecontent/2019-07-15/pagecontent.xsd">
  <Metadata>
	<Creator>escriptorium</Creator>
	<Created>2023-07-08T12:30:05.267161+00:00</Created>
        <LastChange>2023-07-08T12:30:05.267175+00:00</LastChange>

  </Metadata>
  <Page imageFilename="391098_0167_0.jpg" imageWidth="4096" imageHeight="6144">

    
    <TextRegion id="eSc_textblock_878dbdb2"  custom="structure {type:text;}">
      <Coords points="1338,737 1785,737 1884,873 1966,901 3013,901 3068,942 3095,1512 2826,1580 2713,1665 2768,1856 2754,2112 2918,2266 2932,2385 2754,2566 2686,2836 2932,2921 3031,3044 3205,3072 3246,3218 3205,3287 2990,3355 2932,3426 2918,3669 3082,3768 3109,3901 3054,4065 2986,4109 2918,4474 2727,4669 2822,4710 2822,4829 2959,4956 2986,5102 2904,5212 2757,5225 2672,5294 1761,5307 1228,5266 1187,5225 1201,4751 1174,4614 1010,4502 996,3822 928,3669 996,1611 832,1539 805,1037 860,914 1211,873 1338,737"/>
      
      
      <TextLine id="eSc_line_7baabf66" custom="structure {type:default;}">
        <Coords points="1788,750 1740,747 1737,747 1733,747 1730,747 1716,761 1679,795 1597,795 1559,778 1512,754 1508,754 1505,754 1430,757 1426,757 1423,757 1361,798 1351,805 1300,805 1307,870 1310,989 1402,989 1402,986 1406,986 1409,986 1447,962 1518,914 1556,942 1566,952 1570,952 1573,952 1576,952 1580,952 1583,952 1607,931 1631,914 1693,918 1754,918 1757,918 1761,918 1805,894 1805,853 1798,761 1788,750"/>
        <Baseline points="1307,870 1805,853"/>
        <TextEquiv>
          <Unicode>Greife.</Unicode>
        </TextEquiv>
      </TextLine>

      
      
      <TextLine id="eSc_line_87c4bc99" custom="structure {type:default;}">
        <Coords points="2984,901 2933,901 2882,901 2831,901 2780,901 2759,901 2754,901 2749,901 2734,906 2677,936 2621,911 2616,911 2611,911 2606,911 2600,911 2549,952 2227,952 2170,926 2119,906 2114,906 2109,906 2104,906 2063,926 2027,947 1955,931 1853,911 1848,911 1843,911 1838,911 1807,936 1781,957 1530,957 1515,947 1479,921 1474,921 1469,921 1464,921 1459,921 1454,921 1454,926 1448,926 1433,947 1423,957 1408,947 1326,916 1320,916 1315,916 1310,916 1305,916 1259,952 1254,962 1116,962 1111,957 921,916 916,916 911,916 906,916 839,952 834,962 839,1059 839,1126 1269,1080 1320,1116 1331,1126 1336,1126 1341,1126 1346,1131 1428,1131 1428,1126 1433,1126 1484,1111 1587,1075 1986,1075 2099,1095 2237,1116 2242,1116 2247,1116 2252,1116 2298,1085 2324,1070 2344,1085 2380,1116 2385,1116 2391,1116 2396,1121 2483,1121 2483,1116 2488,1116 2493,1116 2534,1080 2549,1070 3031,1070 3031,1034 3020,906 2984,901"/>
        <Baseline points="843,1061 1576,1041 3035,1037"/>
        <TextEquiv>
          <Unicode>Herein! Herein! Nur Gold zu Hauf,</Unicode>
        </TextEquiv>
      </TextLine>

      
      
      <TextLine id="eSc_line_7e5170b4" custom="structure {type:default;}">
        <Coords points="866,1201 866,1218 955,1249 959,1249 962,1249 965,1249 969,1249 1003,1221 1095,1249 1099,1249 1102,1249 1105,1249 1160,1221 1218,1245 1221,1245 1225,1245 1228,1245 1303,1218 1307,1218 1331,1239 1331,1242 1334,1242 1338,1242 1341,1242 1344,1242 1375,1228 1440,1245 1443,1245 1447,1245 1450,1245 1454,1245 1498,1218 1501,1218 1539,1218 1573,1218 1594,1239 1594,1242 1597,1242 1600,1242 1604,1242 1850,1218 1928,1211 2024,1218 2174,1228 2177,1228 2235,1218 2266,1211 2273,1218 2293,1232 2293,1235 2297,1235 2300,1235 2304,1235 2307,1235 2379,1218 2416,1208 2433,1218 2464,1232 2467,1232 2471,1232 2577,1218 2621,1211 2638,1218 2676,1232 2679,1232 2682,1232 2904,1215 2904,1181 2897,1099 2662,1088 2658,1088 2655,1088 2652,1088 2631,1105 2590,1133 2539,1109 2536,1109 2532,1109 2529,1109 2525,1109 2525,1112 2498,1136 2409,1116 2406,1116 2402,1116 2399,1116 2362,1140 2218,1140 2160,1116 2106,1095 2102,1095 2099,1095 2095,1095 2041,1112 2024,1099 2024,1095 2020,1095 2017,1095 2013,1095 1788,1099 1785,1099 1781,1099 1747,1129 1730,1146 1525,1146 1501,1136 1477,1126 1474,1126 1471,1126 1372,1140 1338,1143 1331,1140 1269,1102 1266,1102 1262,1102 1259,1102 1256,1102 1252,1102 1201,1143 1194,1150 1187,1143 1126,1105 1122,1105 1119,1105 1047,1105 1044,1105 1041,1105 1037,1105 983,1146 955,1146 928,1122 928,1119 925,1119 921,1119 918,1119 914,1119 911,1119 863,1143 866,1201"/>
        <Baseline points="866,1201 2904,1181"/>
        <TextEquiv>
          <Unicode>Wir legen unſre Klauen drauf;</Unicode>
        </TextEquiv>
      </TextLine>

      
      
      <TextLine id="eSc_line_ce2435ec" custom="structure {type:default;}">
        <Coords points="849,1348 849,1365 983,1389 986,1389 1157,1365 1221,1399 1225,1399 1228,1402 1406,1402 1406,1399 1409,1399 1413,1399 1413,1396 1443,1372 1522,1378 1525,1378 1529,1378 1580,1358 1614,1385 1617,1385 1621,1385 1624,1385 1730,1378 1764,1396 1768,1396 1771,1396 1774,1396 1778,1396 1826,1365 1908,1385 1911,1385 1914,1385 1996,1368 2017,1385 2020,1385 2024,1385 2027,1385 2030,1385 2034,1385 2034,1382 2068,1355 2201,1385 2205,1385 2321,1358 2372,1389 2375,1389 2379,1389 2382,1389 2385,1389 2461,1351 2577,1375 2580,1375 2710,1355 2771,1382 2775,1382 2778,1382 2781,1382 2785,1382 2843,1344 2843,1327 2833,1242 2672,1276 2624,1245 2607,1235 2604,1235 2600,1235 2542,1235 2539,1235 2536,1235 2532,1235 2532,1239 2519,1249 2488,1283 2409,1283 2375,1252 2358,1239 2355,1239 2351,1239 2348,1239 2344,1239 2304,1256 2276,1266 2269,1256 2252,1242 2252,1239 2249,1239 2245,1239 2194,1239 2191,1239 2187,1239 2129,1259 2065,1283 2017,1283 1993,1262 1972,1245 1969,1245 1966,1245 1962,1245 1959,1245 1955,1245 1955,1249 1935,1266 1928,1273 1918,1266 1897,1252 1894,1252 1890,1252 1887,1252 1884,1252 1880,1252 1860,1266 1829,1290 1624,1290 1604,1273 1570,1245 1566,1245 1563,1245 1559,1245 1556,1245 1553,1245 1518,1276 1498,1293 1338,1293 1327,1280 1293,1252 1293,1249 1290,1249 1286,1249 1283,1249 1280,1249 1198,1269 901,1252 897,1252 894,1252 890,1252 846,1280 849,1348"/>
        <Baseline points="849,1348 2843,1327"/>
        <TextEquiv>
          <Unicode>Sind Riegel von der beſten Art,</Unicode>
        </TextEquiv>
      </TextLine>

      
      
      <TextLine id="eSc_line_d4d28512" custom="structure {type:default;}">
        <Coords points="846,1491 846,1539 955,1532 972,1542 1010,1573 1013,1573 1017,1573 1020,1576 1177,1576 1177,1573 1181,1573 1276,1542 1300,1536 1314,1542 1368,1573 1372,1573 1375,1573 1378,1573 1382,1573 1426,1542 1430,1542 1587,1525 1648,1525 1665,1542 1693,1566 1693,1570 1696,1570 1699,1570 1703,1573 1877,1573 1877,1570 1880,1570 1884,1570 1918,1542 1921,1539 1931,1542 2020,1570 2024,1570 2027,1570 2030,1570 2034,1570 2065,1542 2078,1532 2126,1542 2263,1570 2266,1570 2269,1570 2273,1570 2304,1542 2331,1522 2699,1522 2740,1542 2792,1566 2795,1566 2798,1566 2802,1566 2894,1542 2966,1522 3065,1539 3068,1481 3061,1389 2925,1389 2921,1389 2918,1389 2914,1389 2914,1392 2867,1433 2440,1433 2379,1402 2365,1399 2362,1399 2358,1399 2355,1399 2351,1399 2344,1406 2304,1437 2208,1437 2160,1409 2129,1392 2126,1392 2123,1392 2119,1392 2078,1413 2041,1430 2013,1413 2010,1413 2007,1413 2003,1413 2000,1413 1996,1413 1959,1426 1942,1416 1921,1399 1918,1399 1914,1399 1911,1399 1908,1399 1860,1416 1853,1419 1850,1416 1819,1392 1815,1392 1812,1392 1696,1392 1693,1392 1689,1392 1686,1392 1641,1423 1631,1430 1624,1423 1594,1396 1590,1396 1587,1396 1447,1396 1443,1396 1440,1396 1327,1430 1300,1440 1099,1440 1092,1437 983,1396 979,1396 976,1396 972,1396 969,1396 914,1440 843,1440 846,1491"/>
        <Baseline points="846,1491 3068,1481"/>
        <TextEquiv>
          <Unicode>Der größte Schatz iſt wohl verwahrt.</Unicode>
        </TextEquiv>
      </TextLine>

      
      
      <TextLine id="eSc_line_b4b4e088" custom="structure {type:default;}">
        <Coords points="1305,1715 1305,1802 1479,1771 1648,1781 1776,1786 1781,1786 1976,1751 1981,1689 1966,1602 1694,1633 1648,1612 1546,1571 1541,1571 1433,1571 1428,1571 1423,1571 1300,1623 1305,1715"/>
        <Baseline points="1308,1718 1983,1692"/>
        <TextEquiv>
          <Unicode>Pygmäen.</Unicode>
        </TextEquiv>
      </TextLine>

      
      
      <TextLine id="eSc_line_068335a2" custom="structure {type:default;}">
        <Coords points="1024,1904 1024,1969 1119,1969 1119,1966 1122,1966 1129,1962 1204,1921 1529,1938 1532,1938 1652,1918 1720,1935 1778,1952 1781,1952 1785,1955 1908,1955 1908,1952 1911,1952 1972,1925 1986,1918 1989,1925 2013,1945 2013,1949 2017,1949 2020,1949 2024,1952 2095,1952 2095,1949 2218,1945 2222,1945 2225,1945 2266,1911 2280,1901 2304,1911 2365,1931 2368,1931 2372,1931 2375,1931 2440,1904 2457,1894 2693,1890 2693,1877 2689,1819 2491,1798 2488,1798 2283,1822 2263,1826 2256,1826 2208,1788 2205,1788 2201,1788 2092,1785 2088,1785 1925,1792 1921,1792 1856,1826 1737,1792 1733,1792 1730,1792 1727,1792 1723,1792 1672,1832 1669,1839 1546,1843 1392,1843 1385,1839 1327,1802 1324,1802 1320,1802 1317,1802 1314,1802 1269,1826 1239,1802 1235,1802 1232,1802 1228,1802 1225,1802 1221,1802 1187,1822 1140,1805 1136,1805 1133,1805 1129,1805 1126,1805 1082,1843 1075,1846 1020,1846 1024,1904"/>
        <Baseline points="1024,1904 2044,1877 2693,1877"/>
        <TextEquiv>
          <Unicode>Haben wirklich Platz genom̄en</Unicode>
        </TextEquiv>
      </TextLine>

      
      
      <TextLine id="eSc_line_0100fb24" custom="structure {type:default;}">
        <Coords points="1054,2037 1051,2126 1215,2129 1218,2129 1221,2129 1225,2129 1232,2123 1276,2082 1450,2078 1488,2116 1498,2123 1498,2126 1501,2126 1505,2126 1508,2126 1512,2126 1515,2126 1532,2112 1583,2082 1716,2099 1720,2099 1863,2082 1887,2102 1918,2129 1918,2133 1921,2133 1925,2133 2037,2136 2041,2136 2044,2136 2048,2136 2071,2116 2123,2136 2126,2136 2129,2136 2133,2136 2136,2136 2136,2133 2157,2116 2225,2136 2228,2136 2232,2136 2235,2136 2239,2136 2239,2133 2263,2112 2286,2133 2286,2136 2290,2136 2293,2136 2297,2140 2344,2140 2344,2136 2348,2136 2351,2136 2351,2133 2382,2106 2413,2116 2416,2116 2420,2116 2423,2116 2426,2116 2426,2112 2457,2085 2505,2085 2508,2048 2508,1989 2467,1962 2464,1962 2461,1962 2457,1962 2454,1962 2355,1993 2351,1993 2348,1993 2283,1962 2280,1962 2276,1962 2273,1962 2269,1962 2225,1993 2222,1996 2112,1996 2106,1993 2027,1962 2024,1962 2020,1962 2017,1962 2013,1962 1976,1989 1836,1969 1832,1969 1829,1969 1826,1969 1826,1972 1805,1989 1805,1993 1737,1993 1733,1989 1699,1959 1696,1959 1693,1959 1624,1959 1621,1959 1617,1959 1614,1959 1573,1989 1570,1989 1437,1989 1437,1986 1396,1955 1392,1955 1389,1955 1129,1955 1126,1955 1122,1955 1054,1983 1054,2037"/>
        <Baseline points="1054,2037 2508,2048"/>
        <TextEquiv>
          <Unicode>Wiſſen nicht wie es geſchah;</Unicode>
        </TextEquiv>
      </TextLine>

      
      
      <TextLine id="eSc_line_b134bd14" custom="structure {type:default;}">
        <Coords points="1054,2216 1054,2268 1484,2252 1500,2257 1530,2283 1536,2283 1541,2283 1546,2283 1689,2257 1730,2247 1740,2252 1761,2273 1761,2278 1766,2278 1771,2278 1776,2283 1879,2283 1879,2278 1884,2278 1940,2247 1945,2247 1960,2247 2058,2268 2063,2268 2237,2242 2257,2242 2283,2242 2677,2268 2682,2268 2688,2268 2693,2268 2739,2232 2739,2196 2728,2119 2380,2099 2375,2099 2370,2099 2319,2124 2314,2124 2309,2124 2232,2099 2227,2099 2222,2099 1960,2129 1945,2129 1935,2129 1658,2104 1653,2104 1146,2135 1105,2109 1100,2109 1095,2109 1090,2109 1085,2109 1080,2109 1049,2129 1054,2216"/>
        <Baseline points="1055,2219 1542,2211 2740,2201"/>
        <TextEquiv>
          <Unicode>Fraget nicht woher wir kom̄en:</Unicode>
        </TextEquiv>
      </TextLine>

      
      
      <TextLine id="eSc_line_a9322f65" custom="structure {type:default;}">
        <Coords points="1000,2382 1000,2402 1252,2430 1256,2430 1259,2430 1314,2399 1317,2399 1324,2399 1447,2437 1450,2437 1454,2440 1624,2440 1624,2437 1628,2437 1710,2413 1805,2426 1809,2426 1812,2426 1815,2426 1850,2396 1908,2423 1911,2423 1914,2423 1918,2423 1972,2396 2085,2392 2123,2392 2129,2392 2327,2423 2331,2423 2334,2423 2399,2399 2730,2409 2734,2409 2737,2409 2785,2385 2788,2385 2877,2385 2880,2362 2867,2280 2768,2314 2706,2283 2703,2283 2699,2283 2696,2283 2693,2283 2689,2283 2645,2314 2597,2286 2583,2280 2580,2280 2577,2280 2573,2280 2570,2280 2570,2283 2563,2286 2532,2321 2263,2321 2215,2300 2211,2300 2208,2300 2201,2300 2003,2321 1979,2307 1955,2286 1952,2286 1949,2286 1945,2286 1737,2290 1733,2290 1730,2290 1699,2314 1686,2327 1617,2331 1570,2331 1559,2321 1529,2293 1525,2293 1522,2293 1518,2293 1515,2293 1423,2324 1409,2327 1396,2324 1327,2300 1324,2300 1320,2300 1317,2300 1232,2324 1191,2297 1187,2297 1184,2297 1102,2297 1099,2297 1095,2297 996,2331 1000,2382"/>
        <Baseline points="1000,2382 2880,2362"/>
        <TextEquiv>
          <Unicode>Denn wir ſind nun einmal da!</Unicode>
        </TextEquiv>
      </TextLine>

      
      
      <TextLine id="eSc_line_049f652f" custom="structure {type:default;}">
        <Coords points="993,2549 993,2638 1095,2638 1095,2635 1099,2635 1102,2635 1105,2631 1174,2577 1822,2597 1826,2597 1829,2597 1832,2597 1832,2594 1856,2573 1897,2597 1949,2631 1952,2631 1955,2631 1959,2635 2153,2635 2153,2631 2157,2631 2160,2631 2215,2587 2269,2580 2365,2570 2379,2577 2454,2631 2457,2631 2461,2631 2464,2635 2549,2635 2549,2631 2553,2631 2679,2563 2679,2542 2672,2488 2594,2478 2556,2443 2556,2440 2553,2440 2549,2440 2546,2440 2464,2443 2461,2443 2382,2488 2194,2488 2150,2447 2150,2443 2146,2443 2143,2443 1962,2440 1959,2440 1955,2440 1795,2491 1744,2491 1672,2443 1669,2443 1665,2443 1607,2443 1604,2443 1600,2443 1597,2443 1597,2447 1553,2488 1481,2467 1477,2467 1474,2467 1471,2467 1402,2488 1372,2461 1372,2457 1368,2457 1365,2457 1361,2457 1358,2457 1355,2457 1355,2461 1320,2491 1269,2491 1215,2443 1211,2443 1208,2443 1112,2443 1109,2443 1105,2443 989,2488 993,2549"/>
        <Baseline points="993,2549 2679,2542"/>
        <TextEquiv>
          <Unicode>Zu des Lebens luſtigem Sitze</Unicode>
        </TextEquiv>
      </TextLine>

      
      
      <TextLine id="eSc_line_71597c49" >
        <Coords points="1039,2713 1039,2785 1167,2805 1172,2805 1177,2805 1254,2780 1326,2759 1346,2780 1377,2805 1382,2805 1387,2805 1392,2810 1571,2810 1571,2805 1576,2805 1633,2775 1643,2769 1669,2775 1853,2805 1858,2805 1863,2805 1935,2764 1966,2754 2411,2754 2416,2754 2488,2785 2493,2785 2498,2785 2503,2785 2606,2749 2606,2713 2606,2647 2416,2600 2191,2600 2186,2600 2181,2600 2176,2600 2176,2606 2135,2647 1827,2647 1792,2616 1786,2616 1781,2616 1776,2616 1771,2616 1704,2641 1669,2606 1669,2600 1664,2600 1658,2600 1454,2600 1448,2600 1443,2600 1438,2600 1438,2606 1397,2647 1305,2647 1157,2600 1152,2600 1146,2600 1141,2600 1039,2641 1039,2713"/>
        <Baseline points="1043,2717 2609,2717"/>
        <TextEquiv>
          <Unicode>Eignet ſich ein jedes Land;</Unicode>
        </TextEquiv>
      </TextLine>

      
      
      <TextLine id="eSc_line_84b38efc" custom="structure {type:default;}">
        <Coords points="986,2891 986,2969 1082,2966 1085,2966 1088,2966 1088,2962 1126,2925 1184,2918 1235,2918 1327,2966 1331,2966 1334,2966 1338,2966 1341,2966 1348,2966 1406,2942 1464,2962 1477,2966 1481,2966 1484,2966 1488,2966 1491,2966 1495,2962 1553,2918 1682,2918 1747,2955 1757,2966 1761,2966 1764,2966 1768,2966 1839,2962 1843,2962 1846,2962 1846,2959 1853,2955 1897,2914 1938,2914 1996,2952 2000,2955 2003,2955 2007,2955 2010,2955 2013,2955 2017,2955 2020,2952 2068,2914 2208,2914 2256,2949 2273,2962 2276,2962 2280,2962 2283,2962 2413,2945 2467,2938 2481,2945 2519,2962 2522,2962 2525,2962 2529,2962 2573,2942 2573,2884 2566,2836 2491,2833 2440,2792 2437,2792 2433,2792 2430,2792 2426,2792 2423,2792 2368,2836 2201,2836 2160,2795 2160,2792 2157,2792 2153,2792 1928,2792 1925,2792 1921,2792 1918,2792 1918,2795 1880,2829 1781,2836 1768,2839 1617,2839 1614,2836 1563,2798 1559,2798 1556,2798 1491,2795 1488,2795 1484,2795 1481,2795 1426,2836 1378,2795 1375,2795 1372,2795 1368,2795 1365,2795 1293,2836 1215,2836 1170,2798 1170,2795 1167,2795 1163,2795 1092,2795 1088,2795 1085,2795 983,2833 986,2891"/>
        <Baseline points="986,2891 2573,2884"/>
        <TextEquiv>
          <Unicode>Zeigt ſich eine Felſenritze,</Unicode>
        </TextEquiv>
      </TextLine>

      
      
      <TextLine id="eSc_line_81db84f8" custom="structure {type:default;}">
        <Coords points="1044,3061 1044,3085 1112,3133 1116,3133 1119,3133 1122,3133 1126,3133 1129,3133 1208,3082 1314,3089 1368,3130 1372,3130 1375,3130 1378,3133 1512,3133 1512,3130 1515,3130 1600,3092 1634,3102 1638,3102 1641,3102 1645,3102 1648,3102 1648,3099 1679,3072 1839,3072 1908,3119 1911,3119 1914,3119 1918,3123 1983,3123 1983,3119 1986,3119 1989,3119 2058,3075 2123,3116 2126,3116 2129,3116 2133,3116 2297,3112 2300,3112 2392,3065 2474,3075 2478,3075 2481,3075 2542,3054 2621,3092 2624,3092 2628,3092 2631,3092 2635,3092 2682,3051 2781,3068 2785,3068 2928,3044 2928,3020 2918,2932 2754,2966 2693,2938 2669,2928 2665,2928 2662,2928 2658,2928 2655,2928 2638,2942 2600,2973 2542,2973 2498,2949 2467,2932 2464,2932 2461,2932 2457,2932 2416,2949 2368,2976 2290,2979 2157,2979 2129,2962 2102,2942 2099,2942 2095,2942 2003,2942 2000,2942 1996,2942 1942,2969 1918,2983 1897,2973 1860,2952 1856,2952 1853,2952 1850,2952 1846,2952 1819,2976 1802,2990 1693,2990 1675,2979 1604,2952 1600,2952 1597,2952 1594,2952 1590,2952 1563,2973 1423,2955 1419,2955 1416,2955 1344,2993 1307,2959 1303,2959 1300,2959 1245,2959 1242,2959 1239,2959 1235,2959 1204,2986 1143,2966 1140,2966 1136,2966 1133,2966 1041,3000 1044,3061"/>
        <Baseline points="1044,3061 2928,3020"/>
        <TextEquiv>
          <Unicode>Iſt auch ſchon der Zwerg zur Hand.</Unicode>
        </TextEquiv>
      </TextLine>

      
      
      <TextLine id="eSc_line_007def5f" custom="structure {type:default;}">
        <Coords points="3201,3106 3181,3092 3177,3092 3174,3092 3170,3092 3031,3116 3013,3119 3010,3116 2962,3092 2959,3092 2846,3092 2843,3092 2839,3092 2778,3119 2720,3147 2539,3150 2488,3119 2457,3099 2454,3099 2450,3099 2447,3099 2443,3099 2440,3099 2409,3119 2368,3147 2245,3150 2218,3130 2218,3126 2215,3126 2211,3126 2208,3126 2205,3126 2201,3126 2201,3130 2174,3153 1949,3153 1850,3133 1846,3133 1843,3133 1839,3133 1822,3147 1795,3123 1764,3099 1761,3099 1757,3099 1559,3099 1556,3099 1553,3099 1549,3099 1549,3102 1522,3126 1488,3160 1334,3160 1290,3136 1286,3136 1283,3136 1280,3136 1276,3136 1252,3157 1201,3126 1157,3102 1153,3102 1150,3102 1068,3112 1064,3112 1061,3112 1044,3126 1010,3150 979,3126 976,3208 976,3293 1030,3321 1034,3321 1037,3324 1355,3324 1355,3321 1358,3321 1361,3321 1406,3280 1443,3249 1522,3249 1583,3276 1662,3314 1665,3314 1669,3314 1672,3314 1761,3273 1819,3246 1863,3273 1935,3317 1938,3317 1942,3317 1945,3317 1949,3317 1952,3317 2024,3269 2061,3242 2211,3242 2239,3263 2269,3290 2269,3293 2273,3293 2276,3293 2280,3293 2341,3287 2392,3310 2396,3310 2399,3310 2402,3310 2553,3269 2645,3314 2648,3314 2652,3314 2744,3310 2747,3310 2751,3310 2836,3252 2860,3239 2938,3239 2952,3249 2962,3259 2966,3259 2969,3259 2973,3259 2976,3259 3003,3249 3031,3239 3211,3242 3218,3194 3215,3140 3201,3106"/>
        <Baseline points="976,3208 3218,3194"/>
        <TextEquiv>
          <Unicode>Zwerg und Zwergin raſch zum Fleiße,</Unicode>
        </TextEquiv>
      </TextLine>

      
      
      <TextLine id="eSc_line_2271aa8c" custom="structure {type:default;}">
        <Coords points="1061,3399 1061,3409 1235,3454 1239,3454 1242,3454 1310,3423 1443,3430 1447,3430 1450,3430 1498,3406 1597,3447 1600,3447 1604,3447 1607,3447 1611,3447 1665,3413 1686,3430 1689,3430 1693,3430 1696,3430 1699,3430 1788,3399 1795,3399 2123,3413 2126,3413 2129,3413 2184,3392 2239,3433 2242,3433 2245,3433 2249,3433 2600,3399 2682,3426 2686,3426 2689,3426 2693,3426 2696,3426 2751,3386 2751,3372 2744,3314 2577,3314 2512,3276 2508,3276 2505,3276 2501,3276 2307,3300 2235,3283 2232,3283 2228,3283 2225,3283 2140,3324 2136,3324 2133,3324 2030,3293 2027,3293 2024,3293 2020,3293 2017,3293 2017,3297 1983,3328 1897,3328 1873,3328 1781,3290 1778,3290 1774,3290 1771,3290 1679,3331 1600,3293 1597,3293 1594,3293 1590,3293 1587,3293 1529,3334 1529,3338 1501,3338 1457,3338 1378,3300 1375,3300 1372,3300 1368,3300 1365,3300 1303,3341 1286,3341 1215,3341 1177,3307 1177,3304 1174,3304 1170,3304 1122,3304 1119,3304 1116,3304 1112,3304 1058,3334 1061,3399"/>
        <Baseline points="1061,3399 2095,3372 2751,3372"/>
        <TextEquiv>
          <Unicode>Muſterhaft ein jedes Paar;</Unicode>
        </TextEquiv>
      </TextLine>

      
      
      <TextLine id="eSc_line_81857deb" custom="structure {type:default;}">
        <Coords points="1041,3560 1041,3631 1140,3631 1143,3631 1146,3631 1146,3628 1150,3628 1163,3611 1249,3628 1280,3631 1283,3631 1286,3631 1290,3631 1290,3628 1293,3624 1344,3577 1382,3577 1498,3618 1532,3628 1536,3628 1539,3628 1542,3628 1546,3628 1546,3624 1559,3614 1590,3584 1792,3590 1795,3590 1798,3590 1802,3590 1802,3587 1819,3573 1867,3601 1901,3621 1904,3621 1908,3621 1911,3624 2030,3624 2030,3621 2034,3621 2037,3621 2037,3618 2065,3590 2088,3570 2112,3590 2146,3618 2150,3618 2153,3618 2157,3621 2232,3621 2232,3618 2235,3618 2239,3618 2239,3614 2273,3584 2290,3566 2314,3580 2327,3587 2331,3587 2334,3587 2416,3577 2519,3563 2532,3573 2583,3614 2587,3614 2590,3614 2594,3614 2662,3611 2665,3611 2669,3611 2740,3563 2853,3556 2856,3536 2843,3437 2744,3478 2703,3440 2699,3440 2696,3440 2607,3440 2604,3440 2600,3440 2597,3440 2597,3444 2594,3444 2566,3478 2491,3485 2385,3485 2351,3454 2344,3447 2341,3447 2338,3447 2334,3447 2331,3447 2314,3454 2249,3485 2194,3461 2167,3447 2164,3447 2160,3447 2157,3447 2153,3447 2133,3461 2095,3485 2030,3464 1983,3450 1979,3450 1976,3450 1972,3450 1969,3450 1942,3467 1914,3485 1884,3471 1843,3450 1839,3450 1836,3450 1832,3450 1829,3450 1802,3474 1778,3491 1723,3474 1648,3454 1645,3454 1641,3454 1638,3454 1590,3481 1566,3495 1348,3495 1341,3488 1314,3467 1314,3464 1310,3464 1307,3464 1303,3464 1300,3464 1297,3464 1276,3478 1174,3461 1170,3461 1167,3461 1037,3495 1041,3560"/>
        <Baseline points="1041,3560 2856,3536"/>
        <TextEquiv>
          <Unicode>Weiß nicht ob es gleicher Weiſe</Unicode>
        </TextEquiv>
      </TextLine>

      
      
      <TextLine id="eSc_line_ae726e46" custom="structure {type:default;}">
        <Coords points="1054,3734 1054,3771 1201,3785 1204,3785 1208,3785 1242,3768 1259,3758 1310,3764 1334,3768 1338,3768 1341,3768 1351,3764 1399,3741 1423,3761 1423,3764 1426,3764 1430,3764 1433,3764 1437,3764 1440,3764 1443,3761 1474,3741 1508,3761 1549,3781 1553,3781 1556,3785 1634,3785 1634,3781 1638,3781 1689,3754 1713,3741 1815,3751 1860,3754 1863,3754 1867,3754 1887,3747 1921,3737 1931,3747 1938,3751 1938,3754 1942,3754 1945,3754 1949,3754 1952,3754 1983,3744 2027,3734 2051,3744 2116,3775 2119,3775 2123,3775 2297,3737 2300,3737 2317,3737 2447,3737 2512,3768 2515,3768 2519,3768 2693,3723 2693,3706 2686,3648 2618,3631 2614,3631 2611,3631 2607,3631 2590,3648 2577,3659 2481,3659 2464,3648 2416,3607 2413,3607 2409,3607 2256,3607 2252,3607 2249,3607 2245,3607 2245,3611 2201,3648 2187,3665 2119,3665 2099,3648 2071,3628 2068,3628 2065,3628 2061,3628 2058,3628 2054,3628 2054,3631 2034,3648 2030,3655 1877,3665 1860,3652 1819,3618 1819,3614 1815,3614 1812,3614 1699,3614 1696,3614 1693,3614 1689,3614 1689,3618 1648,3652 1634,3665 1583,3669 1460,3652 1423,3648 1419,3648 1416,3648 1399,3652 1324,3672 1300,3652 1266,3628 1262,3628 1259,3628 1256,3628 1252,3628 1204,3645 1157,3621 1153,3621 1150,3621 1146,3621 1051,3652 1054,3734"/>
        <Baseline points="1054,3734 1467,3717 2693,3706"/>
        <TextEquiv>
          <Unicode>Schon im Paradieſe war.</Unicode>
        </TextEquiv>
      </TextLine>

      
      
      <TextLine id="eSc_line_3b7ee09b" custom="structure {type:default;}">
        <Coords points="1047,3877 1044,3904 1174,3921 1208,3952 1208,3956 1211,3956 1215,3956 1218,3956 1392,3925 1484,3956 1488,3956 1491,3959 1604,3959 1604,3956 1607,3956 1611,3956 1672,3915 1764,3942 1768,3942 1771,3942 1774,3942 1836,3911 1870,3942 1873,3942 1877,3942 1880,3942 1949,3932 2054,3959 2058,3959 2061,3959 2235,3928 2276,3959 2280,3959 2283,3959 2286,3962 2392,3962 2392,3959 2396,3959 2556,3915 2703,3915 2764,3959 2768,3959 2771,3959 2775,3959 2778,3959 2781,3959 2843,3915 3068,3915 3072,3884 3065,3799 3020,3819 3000,3799 2996,3799 2996,3795 2993,3795 2990,3795 2986,3795 2952,3799 2850,3816 2788,3802 2761,3795 2757,3795 2754,3795 2751,3795 2747,3795 2740,3802 2703,3833 2338,3833 2314,3805 2304,3799 2304,3795 2300,3795 2297,3795 2191,3795 2187,3795 2184,3795 2160,3809 2133,3822 2095,3809 2054,3795 2051,3795 2048,3795 2044,3795 2041,3795 2020,3809 1993,3829 1935,3829 1877,3812 1798,3792 1795,3792 1703,3792 1699,3792 1696,3792 1693,3792 1669,3812 1652,3826 1546,3816 1443,3805 1440,3805 1437,3805 1402,3816 1396,3819 1392,3816 1355,3792 1351,3792 1348,3792 1344,3792 1341,3792 1338,3792 1293,3819 1280,3826 1266,3819 1208,3792 1204,3792 1201,3792 1198,3792 1119,3819 1099,3826 1047,3822 1047,3877"/>
        <Baseline points="1047,3877 3072,3884"/>
        <TextEquiv>
          <Unicode>Doch wir findens hier zum beſten,</Unicode>
        </TextEquiv>
      </TextLine>

      
      
      <TextLine id="eSc_line_f0d5ed3a" custom="structure {type:default;}">
        <Coords points="1034,4065 1034,4106 1239,4116 1242,4116 1245,4116 1266,4106 1293,4089 1542,4089 1573,4099 1604,4113 1607,4113 1611,4113 1672,4099 1733,4085 1788,4099 1853,4113 1856,4113 1972,4096 2003,4092 2027,4096 2174,4116 2177,4116 2181,4116 2184,4116 2215,4092 2222,4085 2242,4092 2300,4109 2304,4109 2307,4109 2481,4089 2519,4085 2549,4089 2727,4113 2730,4113 2897,4082 2897,4065 2897,4000 2856,3990 2853,3990 2850,3990 2833,3997 2798,4017 2775,3997 2737,3969 2734,3969 2730,3969 2604,3969 2600,3969 2597,3969 2594,3969 2594,3973 2566,3997 2556,4010 2532,3997 2529,3997 2525,3997 2519,3997 2382,4017 2358,3993 2331,3973 2331,3969 2327,3969 2324,3969 2276,3969 2273,3969 2269,3969 2225,3993 2181,4020 1935,4020 1904,3990 1884,3973 1884,3969 1880,3969 1877,3969 1809,3969 1805,3969 1802,3969 1798,3969 1768,3990 1720,4020 1658,4020 1614,3990 1604,3979 1600,3979 1597,3979 1594,3979 1590,3979 1587,3979 1573,3990 1532,4017 1443,4000 1440,4000 1437,4000 1433,4000 1413,4020 1249,4020 1218,3986 1201,3973 1201,3969 1198,3969 1194,3969 1191,3969 1034,3983 1034,4065"/>
        <Baseline points="1034,4065 2897,4065"/>
        <TextEquiv>
          <Unicode>Segnen dankbar unſern Stern;</Unicode>
        </TextEquiv>
      </TextLine>

      
      
      <TextLine id="eSc_line_1c68a00a" custom="structure {type:default;}">
        <Coords points="1024,4229 1020,4256 1170,4283 1174,4283 1310,4259 1334,4256 1344,4259 1396,4283 1399,4283 1402,4283 1406,4283 1481,4259 1488,4259 1495,4259 1597,4283 1600,4283 1795,4263 1856,4256 1894,4263 1996,4283 2000,4283 2123,4263 2153,4259 2167,4263 2211,4280 2215,4280 2218,4280 2222,4280 2269,4263 2286,4259 2484,4259 2491,4266 2512,4283 2512,4287 2515,4287 2519,4287 2522,4290 2614,4290 2614,4287 2618,4287 2621,4287 2621,4283 2641,4266 2648,4263 2665,4266 2764,4287 2768,4287 2897,4266 2901,4235 2894,4171 2843,4181 2829,4171 2798,4143 2795,4143 2792,4143 2536,4143 2532,4143 2529,4143 2525,4143 2525,4147 2495,4171 2488,4181 2389,4191 2017,4191 1989,4174 1962,4160 1959,4160 1955,4160 1952,4160 1901,4174 1870,4184 1860,4174 1822,4143 1822,4140 1819,4140 1815,4140 1645,4140 1641,4140 1638,4140 1559,4177 1549,4184 1317,4184 1290,4177 1157,4140 1153,4140 1150,4140 1146,4140 1143,4140 1143,4143 1109,4177 1024,4177 1024,4229"/>
        <Baseline points="1024,4229 2901,4235"/>
        <TextEquiv>
          <Unicode>Denn, im Oſten wie im Weſten,</Unicode>
        </TextEquiv>
      </TextLine>

      
      
      <TextLine id="eSc_line_1a071939" custom="structure {type:default;}">
        <Coords points="1034,4386 1030,4481 1266,4485 1269,4485 1273,4485 1297,4478 1464,4423 1580,4447 1583,4447 1587,4447 1590,4447 1617,4423 1638,4440 1641,4440 1645,4440 1648,4440 2075,4437 2106,4457 2153,4495 2157,4495 2160,4495 2164,4498 2263,4498 2263,4495 2266,4495 2269,4495 2331,4454 2385,4498 2389,4498 2392,4498 2396,4502 2498,4502 2498,4498 2501,4498 2618,4447 2621,4444 2870,4440 2874,4406 2867,4341 2570,4352 2495,4338 2416,4324 2413,4324 2409,4324 2362,4338 2331,4348 2321,4338 2300,4321 2300,4317 2297,4317 2293,4317 2242,4314 2239,4314 2235,4314 2232,4314 2232,4317 2208,4338 2201,4348 2034,4348 2017,4338 1983,4314 1979,4314 1976,4314 1843,4311 1839,4311 1836,4311 1832,4311 1832,4314 1815,4328 1703,4317 1699,4317 1696,4317 1624,4334 1614,4338 1604,4334 1525,4307 1522,4307 1518,4307 1515,4307 1512,4307 1467,4334 1464,4338 1454,4334 1341,4304 1338,4304 1334,4304 1215,4321 1102,4304 1099,4304 1095,4304 1034,4331 1034,4386"/>
        <Baseline points="1034,4386 2874,4406"/>
        <TextEquiv>
          <Unicode>Zeugt die Mutter Erde gern.</Unicode>
        </TextEquiv>
      </TextLine>

      
      
      <TextLine id="eSc_line_4039cd33" custom="structure {type:default;}">
        <Coords points="1314,4594 1314,4648 1416,4648 1423,4652 1457,4683 1457,4686 1460,4686 1464,4686 1467,4686 1792,4662 1928,4655 2030,4669 2034,4577 2024,4522 1983,4522 1979,4522 1928,4488 1925,4488 1921,4488 1918,4488 1914,4488 1850,4526 1819,4495 1819,4491 1815,4491 1812,4491 1740,4491 1737,4491 1733,4491 1675,4509 1559,4498 1556,4498 1553,4498 1549,4498 1549,4502 1515,4532 1515,4536 1310,4536 1314,4594"/>
        <Baseline points="1314,4594 2034,4577"/>
        <TextEquiv>
          <Unicode>Dacktyle.</Unicode>
        </TextEquiv>
      </TextLine>

      
      
      <TextLine id="eSc_line_7312d1ce" custom="structure {type:default;}">
        <Coords points="1228,4776 1228,4848 1745,4807 1792,4828 1812,4838 1817,4838 1822,4838 1827,4838 1832,4838 1848,4828 1889,4802 2216,4802 2257,4807 2391,4838 2396,4838 2401,4838 2519,4797 2519,4766 2508,4684 1223,4679 1228,4776"/>
        <Baseline points="1232,4778 2520,4771"/>
        <TextEquiv>
          <Unicode>Hat ſie in einer Nacht</Unicode>
        </TextEquiv>
      </TextLine>

      
      
      <TextLine id="eSc_line_08fe4817" custom="structure {type:default;}">
        <Coords points="1235,4922 1235,4942 1747,4945 1911,4983 1914,4983 1918,4983 1921,4983 1921,4980 1955,4949 1976,4962 1979,4962 1983,4962 1986,4962 1989,4962 2054,4942 2133,4980 2136,4980 2140,4983 2286,4983 2286,4980 2290,4980 2293,4980 2358,4939 2362,4939 2437,4942 2495,4980 2498,4980 2501,4980 2505,4980 2508,4980 2597,4956 2662,4980 2665,4980 2669,4980 2672,4980 2676,4980 2747,4935 2747,4915 2744,4860 2706,4843 2703,4843 2699,4843 2618,4860 2614,4860 2611,4860 2478,4826 2474,4826 2471,4826 2467,4826 2368,4864 2116,4864 2061,4826 2058,4826 2054,4826 1986,4826 1983,4826 1979,4826 1884,4867 1747,4867 1652,4829 1648,4829 1645,4829 1460,4833 1457,4833 1454,4833 1416,4860 1334,4829 1331,4829 1327,4829 1324,4829 1232,4864 1235,4922"/>
        <Baseline points="1235,4922 2747,4915"/>
        <TextEquiv>
          <Unicode>Die Kleinen hervorgebracht;</Unicode>
        </TextEquiv>
      </TextLine>

      
      
      <TextLine id="eSc_line_dd3f596e" custom="structure {type:default;}">
        <Coords points="1225,5075 1232,5130 1290,5096 1536,5116 1539,5116 1757,5092 1949,5109 1952,5109 1955,5109 1993,5092 2181,5116 2208,5120 2211,5120 2235,5116 2324,5099 2351,5116 2375,5130 2379,5130 2382,5130 2385,5130 2723,5126 2727,5126 2730,5126 2754,5109 2781,5092 2822,5109 2867,5126 2870,5126 2874,5126 2955,5106 2959,5061 2955,4997 2925,4983 2921,4983 2918,4983 2914,4983 2911,4983 2894,4997 2874,5014 2826,5014 2809,4997 2785,4976 2781,4976 2778,4976 2689,4976 2686,4976 2682,4976 2679,4976 2679,4980 2655,5000 2641,5014 2365,5014 2344,5003 2293,4980 2290,4980 2286,4980 2283,4980 2225,5007 2208,5014 2187,5007 2102,4980 2099,4980 2095,4980 1918,5003 1846,4983 1843,4983 1839,4983 1836,4983 1832,4983 1785,5014 1778,5017 1774,5014 1744,4986 1744,4983 1740,4983 1737,4983 1733,4983 1730,4983 1727,4983 1727,4986 1696,5014 1689,5021 1460,5021 1450,5017 1402,4986 1399,4986 1396,4986 1280,4986 1276,4986 1273,4986 1221,5010 1225,5075"/>
        <Baseline points="1225,5075 2959,5061"/>
        <TextEquiv>
          <Unicode>Sie wird die Kleinſten erzeugen,</Unicode>
        </TextEquiv>
      </TextLine>

      
      
      <TextLine id="eSc_line_356dd46e" custom="structure {type:default;}">
        <Coords points="1208,5198 1204,5232 1242,5259 1245,5259 1249,5259 1252,5259 1256,5259 1344,5232 1450,5249 1454,5249 1638,5236 1641,5236 1706,5287 1710,5287 1713,5287 1716,5290 1860,5290 1860,5287 1863,5287 1867,5287 1867,5283 1918,5242 1921,5239 1983,5239 1986,5242 2054,5290 2058,5290 2061,5290 2177,5294 2181,5297 2372,5297 2372,5294 2375,5294 2498,5253 2512,5249 2525,5256 2566,5273 2570,5273 2573,5273 2658,5256 2662,5218 2658,5171 2542,5167 2519,5143 2515,5143 2512,5143 2508,5143 2385,5160 2324,5123 2321,5123 2317,5123 2314,5123 2310,5123 2211,5157 2170,5120 2167,5120 2164,5120 2160,5120 2157,5120 2085,5160 2010,5160 1976,5126 1976,5123 1972,5123 1969,5123 1966,5123 1962,5123 1935,5137 1918,5120 1918,5116 1914,5116 1911,5116 1832,5116 1829,5116 1826,5116 1822,5116 1822,5120 1785,5157 1689,5157 1611,5154 1570,5116 1570,5113 1566,5113 1563,5113 1559,5113 1413,5126 1378,5109 1375,5109 1372,5109 1208,5147 1208,5198"/>
        <Baseline points="1208,5198 2662,5218"/>
        <TextEquiv>
          <Unicode>Finden auch ihres gleichen.</Unicode>
        </TextEquiv>
      </TextLine>

      
    </TextRegion>
    

    
  </Page>
</PcGts>
