4096 6144
1969 706 3372 918 Junge Dame /: entzückt :/
1252 884 3833 1112 Zum Weyrauchsdampf was duftet ſo gemiſcht?
1290 1058 3795 1262 Das mir das Herz zum Innigſten erfriſcht.
2003 1239 2635 1372 Aeltere.
1317 1355 3935 1583 Fürwah! Es dringt ein Hauch tief ins Gemüthe,
1320 1549 2587 1723 Er kommt von ihm!
2027 1699 2618 1873 Älteſte.
2293 1819 3904 2017 Es iſt des Wachsthums Blüte.
1331 1976 3546 2174 Im Jüngling als Ambroſia bereitet,
1341 2136 3901 2372 Und athmoſphäriſch ringsumher verbreitet.
2836 2232 3491 2391 hervortretend
2150 2319 3573 2534 Helena. /: tritt auf :/
2174 2542 2740 2744 Mephiſt.
1320 2682 3870 2894 Das wär’ ſie denn! Vor dieſer hätt’ ich Ruh;
1365 2860 3857 3099 Hübſch iſt ſie wohl, doch ſagt ſie mir nicht zu.
2133 3041 2822 3266 Aſtrolog.
1338 3246 3850 3420 Für mich iſt diesmal weiter nichts zu thun,
1317 3396 3785 3597 Als Ehrenmann geſteh, bekenn ich’s nun.
1344 3570 3884 3764 Die Schöne kommt, und hätt’ ich Feuerzungen!
1324 3744 3884 3962 Von Schönheit ward von jeher viel geſungen;
1358 3915 3966 4157 Wem ſie erſcheint wird aus ſich ſelbſt entrückt,
1355 4109 3792 4338 Wem ſie gehörte ward zu hoch beglückt.
2119 4293 2604 4498 Fauſt.
1338 4498 3717 4741 Hab ich noch Augen? Zeigt ſich tief im Sinn
1334 4683 3894 4904 Der Schönheit Quelle reichlichſtens ergoſſen?
1341 4874 3840 5092 Mein Schreckensgang bringt ſeligſten Gewinn,
1334 5041 3908 5270 Wie war die Welt mir nichtig, unerſchloſſen!
