4096 6144
1491 942 3744 1163 Auch Streifen, gold und ſchwarz, und ſilbern, blau
2600 1116 3005 1305 und roth.
1498 1239 3717 1426 Dergleichen hängt in Sälen Reih an Reihe fort,
1522 1409 3614 1604 In Sälen, gränzenloſen, wie die Welt ſo weit;
1532 1563 2512 1757 Da könnt ihr tanzen!
2249 1723 2488 1928 Chor
2216 1899 3486 2145 Sage, giebt’s auch Tänzer da?
2198 2071 2536 2314 Phork.
1512 2286 3618 2491 Die beſten! goldgelockte, friſche Bubenſchaar.
1515 2426 3466 2693 Die duften Jugend, Paris duftete einzig ſo,
1515 2635 3170 2809 Als er der Königin zu nahe kam.
2150 2829 2600 3013 Helena
3007 2945 3580 3147 Du fällſt
1515 3106 3764 3317 Ganz aus der Rolle, ſage mir das letzte Wort!
2222 3266 2553 3478 Phork.
1489 3420 3824 3676 Du ſprichſt das letzte, ſagſt mit Erſt vernehmlich ja!
1505 3589 3343 3865 Sogleich umgeb’ ich dich mit jener Burg.
2239 3775 2556 3976 Chor
3232 3921 3665 4123 O ſprich
1474 4068 3710 4290 Das kurze Wort! und rette dich und uns zugleich.
2177 4239 2573 4444 Helena.
1440 4410 3723 4611 Wie? ſollt’ ich fürchten, daß der König Menelas
1489 4577 3619 4843 So grauſam ſich verginge mich zu ſchädigen?
