4096 6144
1423 856 2498 1051 Plutus /: zum Lenker :/
815 1024 2887 1245 Nun biſt du los der allzuläſtigen Schwere,
826 1160 3290 1396 Biſt frey und frank, nun friſch zu deiner Sphäre!
843 1314 2986 1536 Hier iſt ſie nicht! Verworren, ſchäkkig, wild
832 1464 3010 1669 Umdrängt uns hier ein frazzenhaft Gebild.
826 1594 3010 1785 Nur wo du klar ins holde Klare ſchauſt,
819 1744 2928 1901 Dir angehörſt und dir allein vertrauſt,
812 1877 2853 2048 Dorthin wo Schönes Gutes nur gefällt,
798 1996 2949 2215 Zur Einſamkeit! – Da ſchaffe deine Welt.
1382 2181 2194 2321 Knabe Lenker.
856 2307 2979 2508 So acht ich mich als werthen Abgeſandten,
849 2464 3031 2631 So lieb ich dich als nächſten Anverwandten.
866 2600 2822 2775 Wo du verweilſt iſt Fülle, wo ich bin
832 2751 2897 2918 Fühlt jeder ſich im herrlichſten Gewinn;
853 2904 3188 3072 Auch ſchwankt er oft im widerſinnigen Leben:
863 3037 3061 3232 Soll er ſich dir ſoll er ſich mir ergeben?
860 3188 2986 3355 Die deinen freylich können müßig ruhen,
860 3328 3174 3515 Doch wer mir folgt hat immer was zu thun.
860 3481 3116 3642 Nicht ins Geheim vollführ’ ich meine Thaten
860 3621 3136 3775 Ich athme nur und ſchon bin ich verrathen.
846 3751 3106 3908 So lebe wohl! du, gönnſt mir ja mein Glück
853 3884 2914 4078 Doch lisple leis’ und gleich bin ich zurück.
2338 4003 3280 4174 /: ab wie er kam :/
1542 4205 1986 4420 Plutus.
832 4372 3024 4567 Nun iſt es Zeit die Schätze zu entfeſſeln
829 4539 3174 4689 Die Schlöſſer treff ich mit des Herolds Ruthe.
829 4669 3345 4850 Es thut ſich auf! ſchaut her! in ehrnen Keſſeln
846 4816 3273 4980 Entwickelt ſichs und wallt von goldnem Blute,
826 4962 3358 5123 Zunächſt der Schmuck von Kronen, Ketten, Ringen
866 5099 3379 5314 Es ſchwillt und droht ihn ſchmelzend zu verſchlingen.
3066 768 3215 911 33
