4096 6144
3077 558 3210 691 116
3164 640 3271 814 35.
1573 860 1925 1058 Phork:
788 1064 2921 1297 Haſt du vergeſſen, wie er deinen Deiphobus
788 1249 2894 1450 Des todtgekämpften Paris Bruder, unerhört
798 1430 3150 1634 Verſtümmelte, der ſtarrſinnig Wittwe dich erſtritt
802 1611 3153 1846 Und glücklich kebſte; Naſ’ und Ohren ſchnitt er ab
805 1826 3167 2017 Und ſtümmelte mehr ſo; Greuel war es anzuſchaun.
1556 2003 1935 2187 Helena.
819 2198 2966 2368 Das that er jenem, meinetwegen that er das.
1546 2298 1894 2549 Phork:
839 2519 3024 2689 Um jeneswillen wird er dir das Gleiche thun.
826 2689 3119 2853 Untheilbar iſt die Schönheit; der ſie ganz beſaß
836 2853 2993 3068 Zerſtört ſie lieber, fluchend jedem Theilbeſitz.
2662 2979 2810 3102 der
1387 3015 3112 3225 /: Trompeten in der Ferne, das Chor der
1536 3164 2457 3394 fährt zuſammen :/
843 3399 3307 3604 Wie ſcharf der Trompete Schmettern Ohr und Eingeweid
884 3563 3106 3785 Zerreißend anfaßt, alſo krallt ſich Eiferſucht
870 3744 3208 3949 Im Buſen feſt des Mannes, der das nie vergißt
856 3925 3068 4096 Was einſt er beſaß und nun verlor, nicht mehr
2676 4078 3054 4249 beſitzt.
1549 4140 1832 4287 Chor.
877 4307 3259 4526 Hörſt du nicht die Hörner ſchallen? ſiehſt der Waffen
2116 4478 2757 4659 Blitze nicht?
1549 4590 1908 4805 Phork:
853 4730 3102 4949 Sey willkommen Herr und König, gerne geb ich
2143 4911 2727 5126 Rechenſchaft.
