4176 4966
869 1379 3074 1589 Der Bart des Gaffers fällt hinein,
880 1561 3375 1729 Wer mag das glatte Kinn wohl ſeyn?
902 1740 3270 1903 Die Hand verbirgt es unſerm Blick.
869 1916 3493 2118 Der Bart entflammt und fliegt zurück,
905 2107 3474 2306 Entzündet Kranz und Haupt und Bruſt,
918 2292 3339 2491 Zu Leiden wandelt ſich die Luſt. –
964 2470 3447 2698 Zu löſchen läuft die Schaar herbey,
938 2678 3604 2841 Doch keiner bleibt von Flammen frey,
966 2896 3610 3073 Und wie es patſcht und wie es ſchlägt
971 3076 3375 3272 Wird neues Flammen aufgeregt;
977 3272 2972 3426 Verflochten in das Element
1810 3390 2282 3509 Masken
968 3438 3476 3716 Ein ganzer Menſchenklump verbrennt.
