4096 6144
2053 696 2575 875 Proteus.
1481 877 3355 1058 Das glaub ich, allerliebſter Junge!
1491 1030 3730 1184 Und weiter hin wirds viel behäglicher,
1437 1160 3618 1348 Auf dieſer ſchmalen Strandeszunge
1457 1331 3481 1515 Der Dunſtkreis noch unſäglicher;
1443 1479 3404 1679 Da vorne ſehen wir den Zug,
1481 1655 3532 1846 Der eben herſchwebt, nah genug.
1467 1826 2723 2000 Kommt mit dahin!
2058 2003 2553 2174 Thales.
2515 2126 3375 2286 Ich gehe mit.
2088 2273 2699 2433 Homunk.
1437 2464 3812 2662 Dreyfach merkwürdiger Geiſterſchritt!
2078 2658 3099 2822 Telchinen v. Rhodus
1464 2867 3607 3031 auf Hippokampen und Meerdrachen,
1583 3031 3426 3205 Neptunens Dreyzack handhabend.
2181 3201 2519 3351 Chor.
1092 3420 3754 3601 Wir haben den Dreyzack Neptunen geſchmiedet
1085 3578 3537 3778 Womit er die regeſten Wellen begütet.
1100 3727 3850 3921 Entfaltet der Donnerer die Wolken die vollen,
1095 3911 3727 4121 Entgegnet Neptunus dem gräulichen Rollen;
1088 4123 3611 4280 Und wie auch von oben es zackig erblitzt,
1100 4259 3799 4500 Wird Woge nach Woge von unten geſpritzt;
1044 4449 3819 4659 Und was auch dazwiſchen in Ängſten gerungen
1080 4613 3855 4864 Wird, lange geſchleudert, vom Tiefſten verſchlungen;
1075 4797 3763 5032 Weshalb er uns heute den Scepter gereicht,
1095 5000 3723 5178 Nun ſchweben wir feſtlich, beruhigt und leicht.
