4096 6144
2112 785 2638 976 Homunk.
1522 969 3386 1163 Ich ſchwebe ſo von Stell’ zu Stelle
1529 1150 3853 1320 Und möchte gern im beſten Sinn entſtehn,
1539 1314 3932 1522 Voll Ungeduld mein Glas entzwey zu ſchlagen;
1491 1481 3201 1672 Allein was ich bisher geſehn
1525 1662 3601 1822 Hinein da möcht’ ich mich nicht wagen.
1515 1819 3611 1993 Nur, um dirs im Vertraun zu ſagen:
1498 1993 3652 2174 Zwey Philoſophen bin ich auf der Spur,
1532 2157 3768 2331 Ich horchte zu, es hieß: Natur! Natur!
1508 2334 3614 2498 Von dieſen will ich mich nicht trennen,
1501 2484 3863 2669 Sie müſſen doch das irdiſche Weſen kennen;
1508 2676 3440 2826 Und ich erfahre wohl am Ende
1512 2805 3935 3031 Wohin ich mich am aller‿klügſten wende.
2205 3054 2600 3188 Meph.
1477 3229 3416 3430 Das thu’ auf deine eigne Hand.
1477 3440 3611 3621 Denn, wo Geſpenſter Platz genom̄en,
1488 3604 3645 3792 Iſt auch der Philoſoph willkom̄en.
1471 3764 3904 3962 Damit man ſeiner Kunſt und Gunſt ſich freue,
1501 3945 3611 4116 Erſchafft er gleich ein Dutzend neue.
1505 4092 3956 4280 Wenn du nicht irrſt, kom̄ſt du nicht zu Verſtand!
1481 4266 3850 4474 Willſt du entſtehn, entſteh’ auf eigne Hand!
1460 4590 3901 4788 Ein guter Rath iſt auch nicht zu verſchmähn.
2129 4450 2676 4604 Homunk.
2157 4768 2546 4942 Meph.
1467 4894 3880 5079 So fahre hin! Wir wollen’s weiter ſehn.
2604 5075 3420 5300 /: tren̄en ſich :/
