4096 6144
1223 785 2160 1085 Fünfter Akt.
1228 1187 2269 1396 Offene Gegend.
1249 1430 2140 1614 Wanderer.
866 1563 2764 1764 Ja! ſie ſinds die dunkeln Linden,
853 1716 2573 1921 Dort,in ihres Alters Kraft.
901 1843 2759 2078 Und ich ſoll ſie wieder finden,
901 2003 2781 2215 Nach ſo langer Wanderſchaft!
814 2165 2565 2380 Iſt es doch die alte Stelle,
793 2293 2524 2565 Jene Hütte, die mich barg,
894 2450 2771 2641 Als die ſturmerregte Welle
926 2616 2652 2800 Mich an jene Dünen warf!
918 2771 2740 2966 Meine Wirthe möcht’ ich ſegnen,
931 2918 2856 3106 Hülfsbereit, ein wackres Paar,
911 3085 2812 3256 Das, um heut mir zu begegnen
914 3232 2645 3386 Alt ſchon jener Tage war.
914 3358 2863 3512 Ach! das waren from̄e Leute!
952 3502 2976 3693 Poch ich? ruf ich? – Seyd gegrüßt!
865 3630 3092 3845 Wenn, gaſtfreundlich, auch noch heute
907 3809 3068 4007 Ihr des Wohlthuns Glück genießt.
1276 3966 3109 4154 Baucis /: Mütterchen, ſehr alt :/
959 4089 2792 4263 Lieber Köm̄ling! Leiſe! Leiſe!
948 4229 2853 4389 Ruhe! laß den Gatten ruhn!
965 4369 3191 4549 Langer Schlaf verleiht dem Greiſe
962 4509 2874 4710 Kurzen Wachens raſches Thun.
1297 4659 2013 4788 Wanderer.
935 4799 2570 4956 Sage Mutter biſt dus eben,
948 4952 2809 5123 Meinen Dank noch zu empfahn,
986 5072 3109 5246 Was du für des Jünglings= Leben
942 5191 2816 5471 Mit dem Gatten einſt gethan?
