4096 6144
1378 904 3686 1099 Die Tüchtigen ſie ſtanden auf mit Kraft
1399 1099 3710 1273 Und ſagten: Herr iſt der uns Ruhe ſchafft.
1392 1228 3993 1454 Der Kaiſer kanns nicht, wills nicht – laßt uns wählen,
1382 1413 3655 1576 Den neuen Kaiſer neu das Reich beſeelen,
1418 1530 3031 1761 Indem er jeden ſicher ſtellt,
1419 1727 3310 1897 In einer friſch geſchaffnen Welt
1355 1863 3420 2048 Fried’ und Gerechtigkeit vermählen.
1983 2041 2457 2249 Fauſt.
1389 2205 2942 2416 Das klingt ſehr pfäffiſch.
2041 2406 2563 2583 Mephiſt.
2570 2519 3886 2739 Pfaffen warens auch,
1402 2688 3814 2882 Sie ſicherten den wohlgenährten Bauch.
1402 2862 3855 3051 Sie waren mehr als andere betheiligt.
1402 3044 3983 3229 Der Aufruhr ſchwoll, der Aufruhr ward geheiligt;
1413 3208 3758 3382 Und unſer Kaiſer, den wir froh gemacht,
1416 3372 3863 3573 Zieht ſich hieher, vielleicht zur letzten Schlacht.
2061 3553 2474 3744 Fauſt.
1438 3691 3906 3982 Er jam̄ert mich, er war ſo gut und offen.
2083 3896 2452 4101 Meph.
1392 4044 3799 4270 Kom̄, ſehn wir zu, der Lebende ſoll hoffen.
1423 4256 3768 4444 Befreyn wir ihn aus dieſem engen Thale!
1433 4430 3676 4587 Einmal gerettet iſt’s für tauſendmale.
1433 4570 3843 4727 Wer weiß wie noch die Würfel fallen?
1423 4689 3896 4910 Und hat er Glück ſo hat er auch Vaſallen.
1792 4879 3942 5089 /: ſie ſteigen über das Mittelgebirg herüber
1836 5041 3966 5232 und beſchauen die Anordnung des Heeres
1826 5188 3959 5376 im Thal. Trom̄eln und Kriegsmuſick ſchallt
1827 5299 2805 5514 von unten auf :/
