4096 6144
957 691 1029 839 82
2106 887 2928 1051 Ein dritter Theil.
1542 1109 3918 1276 Schweſtern! Wir bewegtern Sinnes, eilen mit de
2846 1259 3611 1396 Bächen weiter;
1530 1346 3814 1571 Denn es reizen jener Ferne reichgeſchmückte
2839 1546 3396 1682 Hügelzüge,
1536 1648 3836 1812 Immer abwärts, immer tiefer, wäſſern wir,
2856 1815 3788 1969 mäandriſch wallend,
1530 1879 3921 2083 Jetzt die Wieſe, dann die Matten, gleich den Garten
2853 2048 3563 2170 um das Haus.
1518 2157 3860 2338 Dort bezeichnen’s der Cypreſſen ſchlanke Wipfel,
2833 2290 3590 2454 über Landſchaft,
1500 2396 3947 2652 Uferzug und Wellenſpiegel, nach dem Aether ſteigende
2102 2621 2955 2839 Ein vierter Theil.
1406 2839 3898 3020 Wallt ihr andern wo’s beliebet, wir umzingeln,
2846 3041 3669 3164 wir umrauſchen
1529 3123 3901 3287 Den durchaus bepflanzten Hügel, wo am Stab die
2836 3266 3450 3386 Rebe grünt;
1532 3351 3908 3529 Dort zu aller Tage Stunden läßt die Leidenſchaft
2853 3495 3505 3659 des Winzers
1556 3604 3904 3781 Uns des liebevollſten Fleißes zweifelhaft Gelin„
2887 3744 3403 3894 gen ſehn.
1576 3860 3927 4090 Bald mit Hacke, bald mit Spaten, bald mit Häufeln,
2853 4068 3717 4225 Schneiden, Binden,
1583 4191 3802 4358 Betet er zu allen Göttern, förderſamſt zum
2874 4341 3457 4485 Sonnengott.
1582 4433 3880 4659 Bacchus küm̄ert ſich, der Weichling, wenig um den
2884 4611 3573 4751 treuen Diener,
1583 4696 3781 4894 Ruht in Lauben, lehnt in Höhlen, faſelnd mit
2829 4867 3809 5051 dem jüngſten Faun.
