4096 6144
1249 880 1740 1099 Phorkyas.
798 1095 2976 1273 Wie lange Zeit die Mädchen ſchlafen weiß ich nicht,
785 1249 3010 1413 Ob ſie ſich träumen ließen was ich hell und klar
788 1402 2853 1583 Vor Augen ſah, iſt ebenfalls mir unbekannt.
781 1570 3003 1740 Drum weck’ ich ſie. Erſtaunen ſoll das junge Volk;
802 1733 3102 1925 Ihr Bärtigen auch, die ihr da drunten ſitzend harrt,
774 1897 3048 2071 Glaubhafter Wunder Löſung endlich anzuſchaun –
778 2058 3106 2222 Hervor! hervor! Und ſchüttelt eure Locken raſch;
771 2211 3205 2440 Schlaf aus den Augen! Blinzt nicht ſo, und hört mich an!
1269 2423 1570 2556 Chor.
802 2563 3222 2778 Rede nur, erzähl’ erzähle was ſich Wunderlichs begeben,
757 2747 3072 2897 Hören möchten wir am liebſten was wir gar nicht
2307 2877 3031 2996 glauben können,
795 2976 3065 3170 Denn wir haben lange Weile dieſe Felſen anzuſehn.
1239 3167 1583 3362 Phork.
757 3355 3259 3563 Kaum die Augen ausgerieben Kinder langeweilt ihr ſchon!
798 3584 3133 3758 So vernehmt: in dieſen Höhlen, dieſen Grotten
2321 3751 3041 3901 dieſen Lauben
798 3867 3198 4072 Schutz und Schirmung war verliehen, wie idylliſchem
2280 4037 2884 4218 Liebespaare,
802 4140 2488 4307 Unſerm Herrn und unſrer Frauen.
1249 4293 1559 4505 Chor.
2368 4440 3109 4608 Wie, da drinnen?
1239 4532 1573 4751 Phork:
2727 4713 3256 4864 Abgeſondert
822 4802 3222 5014 Von der Welt, nur mich die Eine riefen ſie zu ſtil„
2385 4986 3024 5160 lem Dienſte.
