4096 6144
1634 768 3549 948 So iſt es alſo, wenn ein ſehnend Hoffen
1508 928 3614 1129 Dem höchſten Wunſch ſich traulich zugerungen,
1515 1092 3485 1297 Erfüllungspforten findet flügeloffen,
1525 1262 3669 1423 Nun aber bricht aus jenen ewigen Gründen
1515 1402 3822 1587 Ein Flammen=Uebermaas, wir ſtehn betroffen;
1518 1563 3614 1751 Des Lebens Fackel wollten wir entzünden,
1515 1720 3826 1877 Ein Feuermeer umſchlingt uns, welch ein Feuer!
1508 1880 3860 2058 Iſt’s Lieb? Iſt’s Haß? die glühend uns umwinden?
1505 2037 3706 2215 Mit Schmerz und Freuden wechſelnd ungeheuer,
1508 2191 3519 2355 So daß wir wieder nach der Erde blicken,
1505 2338 3556 2525 Zu bergen uns in jugendlichſtem Schleyer.
1617 2536 3522 2696 So bleibe denn die Sonne mir im Rücken!
1488 2689 3672 2863 Der Waſſerſturz, das Felſenriff durchbrauſend,
1508 2839 3539 3037 Ihn ſchau’ ich an mit wachſendem Entzücken.
1518 2983 3792 3188 Von Sturz zu Sturzen wälzt er jetzt in tauſend
1498 3157 3689 3331 Dann aber tauſend Strömen ſich ergießend,
1529 3304 3816 3495 Hoch in die Lüfte Schaum an Schäume ſauſend.
1518 3467 3840 3638 Allein wie herrlich dieſem Sturm entſprießend
1532 3611 3768 3802 Wölbt ſich des bunten Bogens Wechſel‐Dauer
1525 3781 3860 3962 Bald rein gezeichnet, bald in Luft zerfließend,
1525 3952 3689 4123 Umher verbreitend duftig kühle Schauer.
1529 4113 3631 4287 Der ſpiegelt ab das menſchliche Beſtreben.
1515 4270 3751 4457 Ihm ſinne nach und du begreifſt genauer:
1518 4440 3734 4655 Am farbigen Abglanz haben wir das Leben.
