4096 6144
2160 629 2508 793 Meph.
1310 778 3703 969 Verſinke denn! Ich könnt auch ſagen: ſteige!
1338 955 3720 1136 iſt einerley. Entfliehe dem Entſtandnen,
1317 1112 3508 1280 In der Gebilde losgebundne Räume,
1358 1262 3805 1447 Ergötze dich am längſt nicht mehr Vorhandnen,
1348 1416 3744 1597 Wie Wolkenzüge ſchlingt ſich das Getreibe,
1327 1563 3717 1751 Den Schlüſſel ſchwinge, halte ſie vom Leibe.
2106 1754 3269 1938 Fauſt. /: begeiſtert :/
1338 1880 3788 2099 Wohl! feſt ihn faßend fühl’ ich neue Stärke,
1314 2068 3829 2252 Die Bruſt erweitert hin zum großen Werke
2157 2273 2519 2440 Meph.
1348 2372 3778 2563 Ein glühnder Dreyfuß thut dir endlich kund
1317 2546 3727 2737 Du ſeyſt im tiefſten, allertiefſten Grund.
1351 2720 3792 2880 Bey ſeinem Schein wirſt du die Mütter ſehn,
1338 2870 3444 3051 Die einen ſitzen, andre ſtehn und gehn,
1324 3034 3829 3232 Wie’s eben kommt. Geſtaltung, Umgeſtaltung,
1307 3208 3631 3355 Des ewigen Sinnes ewige Unterhaltung,
1341 3362 3659 3508 Umſchwebt von Bildern aller Creatur.
1327 3522 3734 3700 Sie ſehn dich nicht, denn Schemen ſehn ſie nur.
1307 3696 3768 3880 Da faß ein Herz, denn die Gefahr iſt groß,
1334 3846 3693 4041 Und gehe grad auf jenen Dreyfuß loß,
1331 4017 3119 4191 Berühr ihn mit dem Schlüſſel!
1904 4174 3819 4375 Fauſt. /: macht eine entſchieden gebietende
2293 4311 3809 4447 Attitüde mit dem Schlüſſel :/
1966 4433 3440 4614 Meph. /: ihn betrachtend :/
2604 4597 3560 4741 So iſts recht!...
1303 4706 3741 4894 Er ſchließt ſich an, er folgt als treuer Knecht,
1300 4850 3433 5021 Gelaſſen ſteigſt du, dich erhebt das Glück,
1303 4986 3488 5154 Und eh ſie’s merken biſt mit ihm zurück.
