4096 6144
720 894 2717 1078 Des Menſchen Leben lebt im Blut, und wo
747 1044 2860 1266 Bewegt das Blut ſich wie im Jüngling ſo?
750 1215 2904 1396 Das iſt lebendig Blut in friſcher Kraft,
761 1365 2781 1553 Das neues Leben ſich aus Leben ſchaft.
750 1518 2983 1720 Da regt ſich alles, da wird was gethan,
774 1672 3136 1873 Das Schwache fällt, das Tüchtige tritt heran.
791 1832 3160 2013 Indeſſen wir die halbe Welt gewonnen
795 1976 3177 2187 Was habt ihr denn gethan? genickt, geſonnen,
795 2126 3109 2334 Geträumt, erwogen, Plan und im̄er Plan.
795 2280 2959 2471 Gewiß das Alter iſt ein kaltes Fieber
812 2443 2812 2624 Im Froſt von grillenhafter Noth.
808 2624 2843 2795 Hat einer dreyßig Jahr vorüber,
819 2761 2686 2962 So iſt er ſchon ſo gut wie todt.
802 2925 3246 3109 Am beſten wär’s euch zeitig todtzuſchlagen.
1553 3116 1921 3280 Meph.
866 3232 3229 3423 Der Teufel hat hierweiter nichts zu ſagen.
1597 3454 1938 3546 Bacc.
887 3515 3232 3737 Wenn ich nicht will, ſo darf kein Teufel ſeyn.
1621 3672 2624 3908 Meph. / abſeits /
873 3867 3273 4065 Der Teufel ſtellt dir nächſtens doch ein Bein.
1573 4007 1921 4188 Bacc
853 4143 2891 4341 Dies iſt der Jugend edelſter Beruf
860 4314 3075 4502 Die Welt ſie war nicht eh ich ſie erſchuf.
866 4471 3246 4642 Und mir verdankt ihr jede Lebenspracht
849 4645 3310 4826 Des Tages Aufruf, das Vertrauen der Nacht
