4096 6144
1655 839 3321 1010 Und wo ſie ſich nur hingewandt
1648 957 3312 1152 Gehört ihr alles Volk und Land;
1648 1133 3304 1303 Doch, wo was rühmliches gelingt
1682 1273 3392 1471 Es mich ſogleich in Harniſch bringt.
1669 1437 3263 1614 Das Tiefe hoch, das Hohe tief,
1655 1576 3594 1785 Das Schiefe grad, das Grade ſchief,
1648 1747 3495 1918 Das ganz allein macht mich geſund,
1686 1911 3491 2102 So will ichs auf dem Erdenrund.
2198 2085 2583 2283 Herold.
1737 2266 3119 2430 So treffe dich du Lumpenhund,
1703 2416 3536 2580 Des frommen Stabes Meiſterſtreich,
1716 2573 3556 2717 Da krümm und winde dich ſogleich! –
1754 2696 3314 2867 Wie ſich die Doppelzwerggeſtalt
1744 2836 3570 3000 So ſchnell zum eklen Klumpen ballt! –
1737 2979 3672 3150 – Doch Wunder! – Klumpen wird zum Ey,
1737 3126 3584 3287 Das bläht ſich auf und platzt entzwey.
1764 3263 3573 3406 Nun fällt ein Zwillingspaar heraus,
1792 3389 3256 3553 Die Otter und die Fledermaus.
1764 3536 3341 3700 Die eine fort im Staube kriecht,
1785 3689 3464 3860 Die andre ſchwarz zur Decke fliegt.
1764 3833 3403 3990 Sie eilen drauſſen zum Verein,
1744 3976 3474 4157 Da möcht’ ich nicht der Dritte ſeyn.
2176 4167 2739 4408 Gemurmel.
1713 4365 3502 4536 Friſch! dahinten tanzt man ſchon –
1744 4519 3546 4666 Nein! Ich wollt ich wär’ davon –
1733 4659 3444 4816 Fühlſt du? wie uns das umflicht,
1733 4809 3218 4976 Das geſpenſtiſche Gezücht –
1686 4942 3222 5102 Sauſt es mir doch übers Haar –
1699 5082 3249 5259 Ward ichs doch am Fuß gewahr –
1675 5256 3184 5406 Keiner iſt von uns verletzt –
1672 5423 3150 5597 Alle doch in Furcht geſetzt –
1706 5577 3341 5724 Ganz verdorben iſt der Spas –
1716 5720 3259 5870 Und die Beſtien wollten das.
