4096 6144
3107 563 3216 700 57
1235 788 1952 955 Baccalaur.
795 945 3051 1119 Mein alter Herr! Wir ſind am alten Orte,
812 1092 2798 1276 Bedenkt jedoch erneuter Zeiten Lauf,
812 1262 2734 1430 Und ſparet doppelſinnige Worte;
843 1396 2652 1583 Wir paſſen nun ganz anders auf.
819 1522 3037 1744 Ihr hänſeltet den guten treuen Jungen,
812 1693 2689 1901 Das iſt euch ohne Kunſt gelungen,
829 1846 2689 2065 Was heut zu Tage niemand wagt.
1382 2061 1860 2242 Mephiſt.
836 2208 2962 2413 Wenn man der Jugend reine Wahrheit ſagt
815 2389 2853 2577 Die gelben Schnäbeln keineswegs behagt,
829 2546 2573 2727 Sie aber hinterdrein nach Jahren
802 2696 3181 2870 Das alles derb an eigner Haut erfahren,
802 2850 3147 3037 Dann dünkeln ſie es käm’ aus eignem Schopf;
795 3020 3235 3198 Da heißt es denn: der Meiſter war ein Tropf.
1317 3201 2034 3389 Baccalaur.
805 3365 3269 3556 Ein Schelm vielleicht! – denn welcher Lehrer ſpricht
791 3549 2843 3744 Die Wahrheit uns direct ins Angeſicht?
798 3747 3089 3894 Ein jeder weißzu mehren wie zu mindern,
815 3874 3273 4065 Bald ernſt, bald heiter klug, zu frommen Kindern.
1443 4119 2396 4314 Mephiſtopheles.
768 4276 2833 4509 Zum lernen giebt es freylich eine Zeit,
774 4468 3054 4669 Zum lehren ſeyd ihr, merk’ ich, ſelbſt bereit.
815 4638 2983 4833 Seit manchen Monden, einigen Sonnen,
819 4816 3153 5021 Erfahrungsfülle habt ihr wohl gewonnen.
