4096 6144
2058 655 2512 829 Megäre
1419 832 3645 1010 Das iſt nur Spas! denn, ſind ſie erſt verbunden,
1440 969 3498 1143 Ich nehm es auf, und weis in allen Fällen,
1479 1090 3532 1300 Das ſchönſte Glück durch Grille zu vergällen;
1464 1259 3638 1443 Der Menſch iſt ungleich, ungleich ſind die Stunden.
1491 1481 3662 1638 Und niemand hat Erwünſchtes feſt in Armen,
1488 1621 3669 1802 Der ſich nicht nach Erwünſchterem thörig ſehnte,
1495 1778 3566 1962 Vom höchſten Glück, woran er ſich gewöhnte;
1501 1931 3696 2095 Die Sonne flieht er, will den Froſt erwarmen.
1515 2153 3539 2317 Mit dieſem allen weis ich zu gebahren,
1512 2317 3444 2491 Und führe her Asmodi den Getreuen,
1488 2464 3532 2655 Zu rechter Zeit Unſeliges auszuſtreuen,
1522 2618 3570 2809 Verderbe ſo das Menſchenvolk in Paaren.
2020 2833 2512 3031 Tiſiphone.
1658 3007 3304 3194 Gift und Dolch ſtatt böſer Zungen
1662 3150 3310 3334 Miſch ich ſchärf ich dem Verräther;
1652 3310 3324 3471 Liebſt du andre, früher, ſpäter
1672 3457 3365 3621 Hat Verderben dich durchdrungen.
1658 3665 3215 3836 Muß der Augenblicke Süßtes
1672 3822 3512 3986 Sich zu Giſcht und Galle wandeln!
1689 3969 3624 4133 Hier kein Markten, hier kein Handeln
1696 4126 3321 4290 Wie er es beging er büßt es.
1682 4338 3307 4491 Singe keiner vom Vergeben!
1634 4502 3106 4666 Felſen klag ich meine Sache,
1696 4628 3249 4823 Echo! Horch! Erwiedert: Rache;
1703 4799 3444 4966 Und wer wechſelt ſoll nicht leben.
