4096 6144
1501 549 3706 709 /: Von hier an erwiedern die Choretiden,
1693 669 3744 819 einzeln aus dem Chor heraustretend :/
2068 788 3251 1003 Chorführ: Choretide 1.
1399 986 3758 1170 Von Vater Erebus melde, melde von Mutter Nacht.
2071 1163 2474 1385 Phork:
1423 1361 3737 1559 So ſprich von Scylla, leiblich dir Geſchwiſterkind.
2065 1529 3164 1747 Chorführ: Choretide 2
1443 1754 3850 1962 An deinem Stammbaum ſteigt manch Ungeheu’r empor.
2051 1901 2461 2136 Phork:
1430 2085 3689 2290 Zum Orkus hin! da ſuche deine Sippſchaft auf.
2034 2266 3181 2461 Chorführ: Choretide 3.
1460 2454 3717 2655 Die dorten wohnen ſind dir alle viel zu jung.
2044 2628 2443 2846 Phork:
1477 2843 3334 3027 Tireſias den Alten gehe buhlend an.
2030 2996 3218 3225 Chorführ: Choretide 4
1454 3215 3307 3368 Orions Amme war dir Ur„Urenkelin.
2017 3353 2447 3614 Phork:
1467 3556 3747 3744 Harpyen wähn’ ich fütterten dich im Unflat auf.
2012 3665 3322 3875 Chorführ: Choretide 5.
1457 3884 3730 4116 Mit was ernährſt du ſo gepflegte Magerkeit?
2034 4037 2454 4253 Phork:
1447 4242 3553 4420 Mit Blute nicht, wonach du allzulüſtern biſt.
2027 4377 3235 4623 Chorführ: Choretide 6.
1484 4590 3560 4809 Begierig du auf Leichen, ekle Leiche ſelbſt!
