4096 6144
1471 955 3502 1133 Eröffnet mir ſie wieder, daß ich ein Eilgebot
1457 1099 3652 1286 Des Königs treu erfülle, wie der Gattin ziemt.
1467 1280 3590 1433 Laßt mich hinein! und alles bleibe hinter mir,
1454 1409 3672 1604 Was mich umſtürmte bis hieher, verhängnißvoll.
1443 1541 3645 1786 Denn ſeit ich dieſe Stelle ſorgenlos verließ,
1433 1689 3773 1966 Cytherens Tempel beſuchend, heiliger Pflicht gemäß,
1428 1843 3747 2124 Mich aber dort ein Räuber griff, der phrygiſche,
1440 2027 3802 2249 Iſt viel geſchehen, was die Menſchen weit und breit
1443 2205 3662 2372 So gern erzählen, aber der nicht gerne hört
1457 2334 3778 2566 Von dem die Sage wachſend ſich zum Mährchen
3322 2493 3691 2698 ſpann.
2222 2595 2549 2831 Chor
1737 2839 3331 3024 Verſchmähe nicht, o herrliche Frau,
1745 2964 3256 3159 Des höchſten Gutes Ehrenbeſitz!
1740 3102 3799 3338 Denn das größte Glück iſt dir einzig beſchert,
1730 3256 3722 3517 Der Schönheit Ruhm der vor allen ſich hebt.
1744 3457 2669 3628 Dem Helden tönt
1727 3604 2699 3788 Sein Name voran,
1761 3768 2923 3983 Drum ſchreitet er ſtolz,
1737 3956 3648 4130 Doch beugt ſogleich hartnäckigſter Mann
1745 4106 3768 4326 Vor der allbezwingenden Schöne den Sinn.
