4096 6144
1064 728 3082 1039 Pater Seraphicus. /: Mittlere Region :/
723 993 2699 1167 Welch ein Morgenwölkchen ſchwebet
641 1160 2764 1334 Durch der Fichten ſchwankend Haar
1274 1100 1643 1208 Tannen
655 1331 2539 1488 Ahn ich was im Innern lebet?
696 1443 2539 1694 Es iſt junge Geiſterſchaar.
1146 1633 2380 1843 Chor ſeliger Knaben
699 1832 2744 1993 Sag uns Vater wo wir wallen,
713 1986 2740 2167 Sag uns Guter wer wir ſind?
720 2164 2706 2338 Glücklich ſind wir, allen allen
727 2321 2577 2529 Iſt das Daſeyn ſo gelind.
1184 2488 1942 2699 Pat. Seraph.
706 2688 2688 2872 Knaben! Mitternachts Geborne,
742 2800 2667 3056 Halb erſchloſſen Geiſt und Sinn,
727 2964 2764 3220 Für die Eltern gleich Verlorne,
720 3174 2604 3368 Für die Engel zum Gewinn
723 3328 2604 3515 Steigt herab in meiner Augen
747 3476 2621 3722 Welt= und erdgemäß Organ,
737 3635 2780 3896 Könn’t ſie als die euern brauchen,
733 3836 2590 4048 Schaut euch dieſe Gegend an.
737 3983 2790 4224 Das ſind Bäume, das ſind Felſen,
750 4167 2570 4372 Waſſerſtrom, der abeſtürztabgeſtürzt
747 4305 2672 4546 Und mit ungeheuerm Wälzen
747 4478 2679 4724 Sich den ſteilen Weg verkürzt.
1208 4654 2749 4904 Selige Knaben. /: von innen :/
744 4812 2474 4983 Das iſt mächtig anzuſchauen
730 4952 2341 5113 Doch zu düſter iſt der Ort,
757 5048 2841 5299 Schüttelt uns mit Schreck und Grauen,
788 5218 2529 5434 Edler, Guter laß uns fort.
