4096 6144
843 1051 3054 1215 Und keine Magd erſchien mir, keine Schaffnerin
843 1218 3208 1378 Die jeden Fremden freundlich ſonſt begrüßenden.
829 1372 3235 1592 Als aber ich dem Schooße des Heerdes mich genaht,
819 1546 2964 1766 Da ſah’ ich, bey verglom̄ner Aſche lauem Reſt,
824 1710 3128 1925 Am Boden ſitzen welch verhülltes großes Weib,
824 1858 3292 2104 Der Schlafenden nicht vergleichbar, wohl der Sinnenden.
834 2017 3153 2278 Mit Herrſcherworten ruf’ ich ſie zur Arbeit auf,
843 2218 3153 2399 Die Schaffnerin mir vermuthend, die indeß vielleicht
844 2344 2913 2549 Des Gatten Vorſicht hinterlaſſend angeſtellt;
849 2503 2749 2723 Doch eingefaltet ſitzt die Unbewegliche;
844 2682 3325 2935 Nur endlich rührt ſie, auf mein Dräun, den rechten Arm,
844 2851 3179 3107 Als wieſe ſie von Heerd und Halle mich hinweg.
846 3058 3242 3218 Ich wende zürnend mich ab von ihr und eile gleich
866 3211 3092 3392 Den Stufen zu, worauf empor der Thalamos
901 3363 3328 3619 Geſchmückt ſich hebt und nah daran das Schatzgemach;
880 3548 3333 3804 Allein das Wunder reißt ſich ſchnell vom Boden auf,
901 3788 3242 4014 Gebietriſch mir den Weg vertretend, zeigt es ſich
890 3988 3200 4239 In hagrer Größe, hohlen, blutig„trüben Blicks,
907 4215 3297 4457 Seltſamer Bildung, wie ſie Aug und Geiſt verwirrt.
3179 573 3312 701 104
3246 640 3343 757 11
