4096 6144
1228 942 1897 1092 Panthalis als
1276 1116 1815 1338 Chorführerin
826 1317 3037 1518 Verlaſſet nun des Geſanges freudumgebnen Pfad
819 1464 3072 1643 Und wendet nach der Thüre Flügeln euren Blick.
839 1607 3200 1792 Was ſeh’ ich, Schweſtern? Kehret nicht die Königin,
843 1733 3181 1938 Mit heftigen Schrittes Regung, wieder zu uns her?
853 1890 3024 2085 Was iſt es, große Königin, was konnte dir
839 2027 3205 2242 In deines Hauſes Hallen, ſtatt der Deinen Gruß,
844 2196 3051 2391 Erſchütterendes begegnen? Du verbirgſt es nicht;
843 2348 3031 2525 Denn Widerwillen ſeh ich an der Stirne dir
829 2481 3205 2699 Ein edles Zürnen das mit Ueberraſchung kämpft.
1259 2679 3314 2897 Helena /: welche die Thürflügel offen gelaſſen
1744 2816 2478 2986 hat, bewegt :/
894 2928 3242 3133 Der Tochter Zeus geziemet nicht gemeine Furcht
906 3072 3317 3297 Und flüchtig„leiſe Schreckenshand berührt ſie nicht;
890 3225 3343 3476 Doch das Entſetzen, das dem Schoos der alten Nacht,
914 3437 3293 3624 Vom Urbeginn entſteigend, vielgeſtaltet noch
863 3604 3362 3788 Wie glühende Wolken, aus des Berges Feuerſchlund,
890 3727 3328 3988 Herauf ſich wälzt erſchüttert auch des Helden
2396 3870 2913 4116 Bruſt.
942 4085 3355 4280 So haben mir heute grauenvoll die Stygiſchen
977 4234 3363 4500 Ins Haus den Eintritt mir bezeichnet, daß ich gern
3194 573 3304 658 103
