4096 6144
1931 686 2529 897 /: er lieſt :/
1358 819 3433 1017 „Zu wiſſen ſey es jedem ders begehrt:
1454 969 3775 1150 Der Zettel hier iſt tauſend Kronen werth.
1457 1105 3584 1297 Ihm liegt geſichert als gewiſſes Pfand
1443 1249 3676 1433 Unzahl vergrabnen Guts im Kaiſerland.
1437 1378 3621 1590 Nun iſt geſorgt damit der reiche Schatz,
1426 1536 3348 1737 Sogleich gehoben, diene zum Erſatz.„
2078 2068 2570 2276 Kaiſer.
1440 2187 3293 2385 Ich ahne Frevel, ungeheuren Trug!
1454 2324 3792 2529 Wer fälſchte hier des Kaiſers Namenszug?
1443 2481 3764 2693 Iſt ſolch Verbrechen ungeſtraft geblieben?
2065 2686 2822 2856 Schatzmeiſter.
1437 2805 3717 3000 Erin̄ere dich! haſt ſelbſt es unterſchrieben;
1457 2949 3822 3150 Erſt heute Nacht. Du ſtandſt als großer Pan,
1430 3102 3768 3280 Der Kanzler ſprach mit uns zu dir heran:
1413 3259 3655 3437 ”Gewähre dir das hohe Feſtvergnügen,
1437 3409 3812 3570 Des Volkes Heil, mit wenig Federzügen.„
1419 3560 3874 3723 Du zogſt ſie rein, dann wards in dieſer Nacht
1454 3679 3877 3874 Durch Tauſendkünſtler ſchnell vertauſendfacht.
1423 3850 3382 4020 Damit die Wohlthat allen gleich gedeihe
2140 3962 2339 4080 wir
1447 4007 3450 4184 So ſtempelten gleich die ganze Reihe,
1437 4164 3802 4341 Zehn, dreyßig, Funfzig, hundert ſind parat.
1437 4304 3822 4457 Ihr denkt euch nicht wie wohl’s dem Volke that.
1437 4440 3809 4601 Seht eure Stadt, ſonſt halb im Tod verſchimmelt,
1423 4580 3700 4730 Wie alles lebt und luſtgenießend wim̄elt!
1440 4706 3775 4867 Obſchon dein Name längſt die Welt beglückt,
1433 4833 3761 5007 Man hat ihn nie ſo freundlich angeblickt.
1437 4980 3525 5133 Das Alphabet iſt nun erſt überzählig
1440 5092 3648 5266 In dieſem Zeichen wird nun jeder ſelig.
