4096 6144
829 972 2904 1129 Eröffne ich Räume vielen Millionen,
829 1090 3200 1341 Nicht ſich zwar, doch thätig=frey zu wohnen.
832 1310 3423 1477 Grün das Gefilde, fruchtbar; Menſch und Heerde
808 1443 2933 1675 Sogleich behaglich auf der neuſten Erde,
819 1602 3097 1822 Gleich angeſiedelt an des Hügels Kraft,
815 1788 3181 1976 Den aufgewälzt kühn=emſige Völkerſchaft.
808 1945 3107 2155 Im Innern hier ein paradieſiſch Land,
793 2104 3297 2339 Da raſe draußen Fluth bis auf zum Rand,
808 2304 3415 2524 Und wie ſie naſcht gewaltſam einzuſchließen,
815 2501 3372 2703 Gemeindrang eilt die Lücke zu verſchließen.
819 2667 3133 2877 In dieſem Sinne bin ich ganz ergeben,
822 2843 3095 3037 Das iſt der Weisheit letzter Schluß:
836 3027 3403 3211 Nur der verdient ſich Freyheit wie das Leben,
819 3191 2635 3379 Der täglich ſie erobern muß.
829 3338 3205 3548 Und ſo verbringt, umrungen von Gefahr,
795 3512 3386 3741 Von Kindheit, Man̄ und Greis ſein tüchtig Jahr.
866 3727 2812 3860 Solch ein Gewimmel möcht ich ſehn,
849 3860 3420 4075 Auf wahrhaft freyem Grund und Boden ſtehn.
2222 3778 3189 3952 mit freyem Volke
839 4029 2831 4249 Zum Augenblicke dürft’ ich ſagen:
875 4172 2723 4392 Verweile doch, du biſt ſo ſchön!
875 4362 3240 4582 Es kann die Spur von meinen Erdetagen
866 4553 2754 4720 Nicht in Aeonen untergehn. –
824 4684 3251 4920 Im Vorgefühl von ſolchem hohen Glück
870 4877 3123 5075 Genieß ich jetzt den höchſten Augenblick.
1160 5055 3201 5239 /: Fauſt ſinkt zurück, die Lemuren
1119 5208 3372 5399 faſſen ihn auf und legen ihn auf den Boden :/
