4096 6144
2027 860 2595 1075 Homunk.
1327 1041 3679 1218 Den Menſchen laß ihr widerſpenſtig Weſen,
1372 1191 3614 1355 Ein jeder muß ſich wehren wie er kann,
1389 1331 3898 1505 Vom Knaben auf, ſo wird’s zuletzt ein Mann.
1378 1467 3942 1669 Hier fragt ſich’s nur wie dieſer kann geneſen?
1382 1621 3573 1802 Haſt du ein Mittel ſo erprob’ es hier,
1385 1751 3546 1938 Vermagſt du’s nicht ſo überlaß es mir.
2078 1959 2430 2116 Meph.
1382 2112 3781 2331 Manch Brockenſtückchen wäre durchzuproben,
1399 2283 3713 2478 Doch Heidenriegel find’ ich vorgeſchoben.
1406 2450 3860 2635 Das Griechenvolk es taugte nie recht viel!
1399 2607 3877 2792 Doch blendet’s euch mit freyem Sinnen=Spiel,
1430 2761 3962 2952 Verlockt des Menſchen Bruſt zu heitern Sünden;
1426 2932 3938 3109 Die unſern wird man immer düſter finden.
1471 3089 2676 3246 Und nun was ſoll’s?
2160 3242 2734 3437 Homunk.
2314 3406 3775 3601 Du biſt ja ſonſt nicht blöde;
1474 3607 3836 3785 Und wenn ich von Theſſaliſchen Hexen rede,
1464 3775 3467 3962 So denk’ ich hab’ ich was gegeſagt.
2222 3969 3324 4147 Mephiſt. /: lüſtern :/
1457 4133 3925 4324 Theſſaliſche Hexen! Wohl! das ſind Perſonen
1467 4293 3345 4478 Nach denen hab’ ich lang’ gefragt.
1471 4447 3802 4648 Mit ihnen Nacht für Nacht zu wohnen
1460 4594 3392 4805 Ich glaube nicht daß es behagt;
1469 4720 3082 4976 Doch zum Beſuch! Verſuch!
