4096 6144
798 1003 2816 1218 Iſt alles ſenk„ und wagerecht und regelhaft.
808 1201 3119 1358 Von außen ſchaut ſie! himmelan ſie ſtrebt empor,
808 1358 3143 1518 So ſtarr, ſo wohl in Fugen, ſpiegelglatt wie Stahl.
808 1508 3150 1696 Zu klettern hier – ja ſelbſt der Gedanke gleitet ab.
791 1675 2887 1839 Und innen großer Höfe Raumgelaſſe, rings
805 1843 2990 2003 Mit Baulichkeit umgeben, aller Art und Zweck.
791 1969 3078 2211 Da ſeht ihr Säulen, Säulchen, Bogen, Bögelchen,
805 2153 2747 2351 Altane, Gallerie’n zu ſchauen aus und ein,
815 2307 1450 2495 Und Wappen.
1525 2430 1795 2594 Chor.
1274 2595 2263 2800 Was ſind Wappen?
1501 2775 1850 2976 Phork.
2124 2913 2974 3153 Ajax führte ja
785 3106 3218 3307 Geſchlungne Schlang’ im Schilde, wie ihr ſelbſt geſehn.
764 3280 2962 3461 Die Sieben dort vor Theben trugen Bildnerey’n
791 3433 3205 3621 Ein jeder auf ſeinem Schilde, reich bedeutungsvoll.
808 3577 3300 3792 Da ſah man Mond und Sterne’ am nächtigen Him̄elsraum,
791 3737 3259 3969 Auch Göttin, Held und Leiter, Schwerdter, Fackeln auch,
781 3904 3136 4113 Und was bedrängliches guten Städten grimmig droht.
771 4082 3130 4300 Ein ſolch Gebilde führt auch unſre Heldenſchaar
808 4280 2894 4461 Von ſeinen Ur„Urahnen her in Farbenglanz.
788 4433 3099 4590 Da ſeht ihr Löwen, Adler, Klau’ und Schnabel auch,
795 4563 3123 4775 Dann Büffelhörner, Flügel, Roſen, Pfauenſchweif,
