4096 6144
2153 713 2471 890 Geitz.
1587 863 3239 996 So kann man doch, wenn es beliebt,
1638 959 2413 1088 Vergnüglich dieſen
1600 1013 3368 1157 Den weiten Kreis umher beſchauen;
1583 1143 3648 1293 Denn im̄erfort ſind vornen an die Fraunen
1604 1286 3604 1460 Wo’s was zu gaffen was zu naſchen giebt.
1600 1433 3447 1590 Noch bin ich nicht ſo völlig eingeroſtet
1600 1563 3304 1737 Ein ſchönes Weib iſt immer ſchön,
1590 1693 3433 1850 Und heute weil es mich nichts koſtet
1597 1836 3532 1996 So wollen wir getroſt ſponſiren gehn.
1590 1979 3304 2129 Doch weil am überfülltem Orte
2083 2083 2401 2206 m Ohr
1611 2112 3556 2269 Nicht jedermann vernehmlich alle Worte,
2135 2211 2882 2339 witzig, klug und
1602 2237 3783 2452 Verſuch ich, und ich hoff’ es ſoll mir glücken,
1617 2406 3717 2573 Mich pantomimiſch deutlich auszudrücken.
1597 2524 3921 2718 Hand, Fuß, Gebärde reicht mir da nicht hin,
1592 2631 3937 2851 Da muß ich mich um einen Schwanck bemühn.
1587 2764 3952 2990 Wie feuchten Thon will ich das Gold behandlen,
1607 2887 3937 3153 Denn dieß Metall läßt ſich in alles wandlen.
2088 3087 2595 3312 Herold
1600 3280 3467 3461 Was fängt der an der magre Thor!
1597 3433 3334 3587 Hat ſo ein Hungermann Humor?
1604 3570 3136 3706 Er knetet alles Gold zu Teig,
1600 3700 3307 3843 Ihm wird es untern Händen weich,
1597 3826 3351 3949 Wie er es drückt und wie es ballt
1590 3942 3276 4082 Bleibt’s immer doch nur ungeſtalt.
1611 4075 3450 4239 Er wendet ſich zu den Weibern dort,
1587 4215 3218 4386 Sie ſchreyen alle, möchten fort,
1583 4365 3290 4512 Gebärden ſich gar widerwärtig;
1594 4481 3396 4635 Der Schalk erweiſt ſich übel‿fertig.
1539 4608 3112 4765 Ich fühle daß er ſich ergötzt
1583 4744 3300 4901 Wenn er die Sittlichkeit verletzt.
1580 4864 3549 5031 Dazu darf ich nicht ſchweigſam bleiben,
1566 4986 3464 5164 Gieb meinen Stab, ihn zu vertreiben.
