4096 6144
1822 901 3507 1126 Wir drängten fort, wir ſtürmten fort,
1832 1044 3394 1223 Wir waren Herrn von Ort zu Ort;
1846 1191 3119 1382 Und wo ich herriſch heut befahl
1812 1315 3353 1561 Ein andrer morgen raubt’ und ſtahl.
1914 1500 3496 1699 Wir ſchauten, – eilig war die Schau;
1797 1633 3348 1873 Der griff die allerſchönſte Frau,
1819 1819 3529 1976 Der griff den Stier von feſtem Tritt,
1812 1966 3232 2150 Die Pferde mußten alle mit.
1962 2208 3211 2409 Ich aber liebte zu erſpähn
1832 2365 3246 2525 Das Seltenſte was man geſehn,
1809 2515 3283 2679 Und was ein andrer auch beſaß,
1805 2672 3386 2843 Das war für mich gedörrtes Gras.
1899 2831 3399 3072 Den Schätzen war ich auf der Spur,
1827 3005 3312 3210 Den ſcharfen Blicken folgt ich nur,
1812 3148 3107 3333 In alle Taſchen blickt ich ein,
1809 3328 3362 3536 Durchſichtig war mir jeder Schrein.
1879 3517 3420 3722 Und Haufen Goldes waren mein,
1802 3693 3143 3891 Am herrlichſten der Edelſtein:
1812 3840 3384 4034 Nun der Smaragd allein verdient
1805 4007 3375 4174 Daß er an deinem Herzen grünt.
1914 4162 3630 4382 Nun ſchwankte zwiſchen Ohr und Mund
1797 4331 3415 4546 Das Tropfeney aus Meeresgrund;
1776 4485 3240 4710 Rubinen werden gar verſcheucht,
1785 4666 3290 4881 Das Wangenroth ſie niederbleicht.
