4096 6144
778 1047 3044 1235 Und haſt du ihn einmal hierher gebracht,
815 1191 3208 1368 So rufſt du Held und Heldin aus der Nacht,
822 1344 3092 1501 Der erſte der ſich jener That erdreiſtet;
819 1484 2993 1679 Sie iſt gethan und du haſt es geleiſtet,
805 1631 3191 1832 Dann muß fortan, nach magiſchem Behandeln,
805 1795 3191 2013 Der Weyrauchsnebel ſich in Götter wandeln.
1464 1969 1931 2153 Fauſt.
815 2126 1966 2307 Und nun was jetzt?
1587 2314 1949 2443 Meph.
1546 2498 3167 2662 Dein Weſen ſtrebe nieder,
788 2621 3338 2850 Verſincke ſtampfend, ſtampfend ſteigſt du wieder.
1515 2836 3177 3037 Fauſt /: ſtampft u. verſinkt :/
1580 3072 1959 3256 Meph.
740 3194 3276 3450 Wenn ihm der Schlüſſel nur zum beſten from̄t!
798 3396 3246 3594 Neugierig bin ich ob er wieder kommt?
3211 682 3297 774 43
