4096 6144
1361 942 1689 1129 Fauſt.
863 1122 2665 1331 Des Lebens Pulſe ſchlagen friſch lebendig,
733 1276 2812 1498 Aetheriſche Dämmerung milde zu begrüßen;
761 1437 2788 1645 Du Erde warſt auch dieſe Nacht beſtändig
768 1590 2891 1792 Und athmeſt neu erquickt zu meinen Füßen,
754 1737 2744 1952 Beginneſt ſchon mit Luſt mich zu umgeben,
761 1887 3075 2119 Du regſt und rührſt ein kräftiges Beſchließen,
747 2065 3184 2283 Zum höchſten Daſeyn immerfort zu ſtreben. –
781 2208 3188 2437 In Däm̄erſchein liegt ſchon die Welt erſchloſſen,
768 2379 3092 2570 Der Wald ertönt von tauſendſtim̄igem Leben
781 2546 3078 2747 Thal aus, Thal ein iſt Nebelſtreif ergoſſen,
771 2696 3095 2908 Doch ſenkt ſich Himmelsklarheit in die Tiefen,
778 2860 3133 3078 Und Zweig und Aeſte, friſch erquickt, entſproſſen
754 3037 3123 3229 Dem duft’gen Abgrund wo verſenkt ſie ſchliefen;
747 3205 3072 3382 Auch Farb’ an Farbe klärt ſich los vom Grunde,
774 3358 3082 3532 Wo Blum’ und Blatt von Zitterperle triefen,
771 3522 2983 3693 Ein Paradies wird um mich her die Runde.
976 3727 3000 3925 Hinaufgeſchaut! – Der Berge Gipfelrieſen
785 3911 2891 4065 Verkünden ſchon die feyerlichſte Stunde,
785 4068 3051 4232 Sie dürfen früh des ewigen Lichts genießen
785 4212 2966 4382 Das ſpäter ſich zu uns hernieder wendet.
785 4386 2969 4563 Jetzt zu der Alpe grüngeſenkten Wieſen
798 4539 3068 4717 Wird neuer Glanz und Deutlichkeit geſpendet,
791 4686 3044 4874 Und ſtufenweis herab iſt es gelungen; –
795 4846 3157 5027 Sie tritt hervor! – und, leider ſchon geblendet,
778 4976 3112 5242 Kehr’ ich mich weg, vom Augenſchmerz durchdrungen.
