<?xml version="1.0" encoding="UTF-8"  standalone="yes"?>
<PcGts xmlns="http://schema.primaresearch.org/PAGE/gts/pagecontent/2019-07-15" xmlns:xsi="http://www.w3.org/2001/XMLSchema-instance" xsi:schemaLocation="http://schema.primaresearch.org/PAGE/gts/pagecontent/2019-07-15 http://schema.primaresearch.org/PAGE/gts/pagecontent/2019-07-15/pagecontent.xsd">
  <Metadata>
	<Creator>escriptorium</Creator>
	<Created>2023-07-08T12:30:09.175146+00:00</Created>
        <LastChange>2023-07-08T12:30:09.175159+00:00</LastChange>

  </Metadata>
  <Page imageFilename="391098_0337_0.jpg" imageWidth="4096" imageHeight="6144">

    
    <TextRegion id="eSc_textblock_7b772729"  custom="structure {type:text;}">
      <Coords points="1665,805 2891,805 3655,873 3655,1320 3519,1597 3587,1652 3628,2143 3587,3573 3642,3887 3587,4055 3628,4242 3519,4505 3505,4710 3601,4915 3601,5048 3505,5198 2754,5253 1174,5253 778,5184 737,4666 778,4270 750,3044 791,2986 791,2416 873,1949 873,1037 983,983 1416,969 1515,832 1665,805"/>
      
      
      <TextLine id="eSc_line_ee472fb4" custom="structure {type:default;}">
        <Coords points="3601,866 3566,863 3532,860 3498,860 3481,856 3201,877 3126,853 3123,853 3119,853 3013,873 2990,853 2966,832 2966,829 2962,829 2959,829 2955,829 2952,829 2904,853 2891,860 2884,853 2856,829 2853,829 2850,829 2744,826 2740,826 2737,826 2734,826 2696,849 2621,829 2618,829 2614,829 2611,829 2546,849 2501,826 2498,826 2327,822 2324,822 2321,822 2317,822 2273,856 2269,860 2269,856 2228,829 2225,829 2222,829 2048,822 2044,822 2041,822 2037,822 1996,860 1986,870 1942,870 1914,860 1850,839 1846,839 1843,839 1839,839 1771,860 1757,863 1751,860 1682,819 1679,819 1675,819 1672,819 1669,819 1665,819 1617,860 1611,863 1518,863 1518,928 1515,972 1617,1027 1621,1027 2232,1030 2235,1030 2239,1030 2242,1030 2242,1027 2300,979 2355,979 2655,979 2775,1037 2778,1037 2781,1041 2874,1041 2874,1037 2877,1037 2880,1037 2942,1000 3003,1024 3007,1024 3010,1024 3013,1024 3017,1024 3041,1006 3150,1024 3153,1024 3157,1024 3160,1024 3191,1003 3246,1037 3249,1037 3252,1037 3256,1037 3259,1037 3263,1037 3334,989 3389,1037 3389,1041 3392,1041 3396,1041 3399,1044 3522,1044 3522,1041 3525,1041 3529,1041 3614,986 3618,945 3611,866 3601,866"/>
        <Baseline points="1518,928 3618,945"/>
        <TextEquiv>
          <Unicode>Der Geiſtliche /: bleibt und ſpricht pathetiſch :/</Unicode>
        </TextEquiv>
      </TextLine>

      
      
      <TextLine id="eSc_line_59417a4a" custom="structure {type:default;}">
        <Coords points="887,1119 887,1140 1109,1140 1112,1140 1181,1191 1184,1191 1187,1191 1191,1191 1361,1170 1413,1191 1416,1191 1419,1194 1570,1194 1570,1191 1785,1187 1788,1187 1792,1187 1867,1136 1870,1136 2153,1136 2365,1136 2454,1184 2457,1184 2461,1184 2594,1167 2645,1184 2648,1184 2652,1184 2655,1184 2734,1146 2809,1184 2812,1184 2816,1184 2819,1184 2966,1129 2969,1129 2973,1129 3054,1167 3058,1167 3061,1170 3133,1170 3133,1167 3136,1167 3140,1167 3201,1129 3205,1129 3232,1129 3406,1133 3447,1160 3450,1160 3454,1160 3457,1160 3461,1160 3560,1126 3560,1105 3553,1041 3433,1041 3426,1037 3386,1020 3382,1020 3379,1020 3375,1020 3314,1037 3304,1041 3300,1037 3263,1010 3259,1010 3256,1010 3164,1006 3160,1006 3157,1006 3082,1037 3075,1041 3068,1037 3007,1003 3003,1003 3000,1003 2996,1003 2918,1027 2812,1013 2809,1013 2805,1013 2754,1037 2744,1041 2730,1037 2624,1006 2621,1006 2618,1006 2348,1030 2293,1006 2290,1006 2286,1006 2283,1006 2280,1006 2239,1037 2218,1051 2000,1051 1976,1034 1925,1010 1921,1010 1836,1010 1832,1010 1829,1010 1826,1010 1792,1034 1768,1051 1532,1051 1464,1034 1426,1024 1423,1024 1419,1024 1416,1024 1389,1034 1351,1047 1331,1034 1303,1013 1300,1013 1297,1013 1211,1013 1208,1013 1204,1013 1201,1013 1174,1034 1146,1051 1102,1034 1051,1013 1047,1013 1044,1013 884,1030 887,1119"/>
        <Baseline points="887,1119 2201,1102 3560,1105"/>
        <TextEquiv>
          <Unicode>Der Canzler ging hinweg der Biſchoff iſt geblieben,</Unicode>
        </TextEquiv>
      </TextLine>

      
      
      <TextLine id="eSc_line_7d21be7d" custom="structure {type:default;}">
        <Coords points="894,1297 894,1320 952,1348 955,1348 959,1348 962,1348 1013,1327 1051,1341 1054,1341 1058,1341 1211,1320 1283,1368 1286,1368 1290,1368 1293,1372 1344,1372 1344,1368 1348,1368 1457,1320 1481,1338 1484,1338 1488,1338 1491,1338 1495,1338 1576,1314 1669,1314 1716,1338 1720,1338 1723,1338 1727,1338 1798,1310 1867,1358 1870,1358 1873,1358 1877,1361 2020,1361 2020,1358 2024,1358 2027,1358 2095,1314 2160,1355 2164,1355 2167,1355 2170,1355 2652,1303 2788,1344 2792,1344 2795,1348 2925,1348 2925,1344 2928,1344 3068,1307 3246,1324 3249,1324 3604,1283 3607,1256 3590,1153 3525,1194 3399,1170 3396,1170 3392,1170 3389,1170 3345,1201 3256,1201 3201,1160 3198,1160 3194,1160 3191,1160 3188,1160 3102,1204 3013,1204 2949,1163 2935,1153 2932,1153 2928,1153 2925,1153 2921,1153 2918,1153 2904,1163 2874,1181 2792,1177 2788,1177 2785,1177 2693,1208 2553,1167 2522,1160 2519,1160 2515,1160 2286,1163 2283,1163 2259,1174 2150,1218 2020,1218 1921,1177 1904,1170 1901,1170 1897,1170 1771,1174 1768,1174 1747,1181 1645,1215 1556,1184 1539,1177 1536,1177 1532,1177 1529,1177 1525,1177 1515,1184 1443,1228 1338,1232 1235,1232 1181,1187 1170,1181 1167,1181 1163,1181 1160,1181 890,1191 894,1297"/>
        <Baseline points="894,1297 3607,1256"/>
        <TextEquiv>
          <Unicode>Vom ernſten Warnegeiſt zu deinem Ohr getrieben!</Unicode>
        </TextEquiv>
      </TextLine>

      
      
      <TextLine id="eSc_line_6da502bd" custom="structure {type:default;}">
        <Coords points="880,1454 880,1500 1295,1500 1356,1556 1356,1561 1361,1561 1367,1561 1372,1566 1515,1566 1515,1561 1520,1561 1525,1561 1612,1500 1720,1561 1725,1561 1730,1561 1735,1561 1822,1515 1868,1556 1873,1556 1879,1556 1884,1556 2032,1530 2544,1556 2549,1556 2554,1556 2560,1556 2667,1489 2790,1551 2795,1551 2800,1551 2805,1551 2949,1489 3200,1489 3235,1520 3235,1525 3240,1525 3246,1525 3251,1525 3450,1484 3450,1433 3440,1336 3292,1320 3287,1320 3281,1320 3251,1336 3200,1361 3174,1336 3164,1326 3164,1320 3159,1320 3153,1320 3056,1320 3051,1320 2979,1336 2872,1361 2821,1336 2785,1320 2780,1320 2775,1320 2769,1320 2764,1320 2744,1336 2713,1367 2565,1367 2498,1341 2462,1326 2457,1326 2452,1326 2447,1326 2396,1341 2304,1367 2165,1341 2124,1336 2119,1336 2114,1336 2109,1336 2104,1341 2073,1372 1935,1372 1889,1341 1863,1326 1858,1326 1853,1326 1848,1326 1843,1326 1807,1341 1761,1367 1715,1346 1689,1331 1684,1331 1679,1331 1602,1346 1469,1372 1377,1346 1372,1346 1367,1346 1361,1346 1356,1346 1315,1367 1300,1346 1285,1336 1285,1331 1280,1331 1274,1331 1269,1331 1264,1331 1259,1331 1233,1346 1187,1377 1085,1377 1059,1346 1044,1336 1044,1331 1039,1331 1034,1331 1029,1331 875,1346 880,1454"/>
        <Baseline points="884,1457 2594,1450 3452,1438"/>
        <TextEquiv>
          <Unicode>Sein väterliches Herz von Sorge bangt um dich.</Unicode>
        </TextEquiv>
      </TextLine>

      
      
      <TextLine id="eSc_line_6b0fe3bd" custom="structure {type:default;}">
        <Coords points="1638,1653 1633,1694 2170,1694 2176,1669 2170,1551 1925,1551 1909,1546 1827,1515 1822,1515 1817,1515 1638,1541 1638,1653"/>
        <Baseline points="1641,1658 2177,1671"/>
        <TextEquiv>
          <Unicode>Kaiſer.</Unicode>
        </TextEquiv>
      </TextLine>

      
      
      <TextLine id="eSc_line_ffc81580" custom="structure {type:default;}">
        <Coords points="894,1815 894,1863 989,1873 1034,1911 1037,1911 1041,1911 1044,1914 1088,1914 1088,1911 1092,1911 1095,1911 1146,1870 1204,1890 1208,1890 1211,1890 1215,1890 1259,1867 1338,1887 1341,1887 1344,1887 1348,1887 1419,1867 1553,1904 1556,1904 1559,1908 1785,1908 1785,1904 1788,1904 1897,1867 2010,1901 2013,1901 2017,1901 2020,1901 2116,1850 2119,1850 2174,1873 2177,1873 2181,1873 2331,1860 2406,1894 2409,1894 2413,1894 2416,1894 2420,1894 2467,1863 2583,1870 2587,1870 2590,1870 2679,1843 2686,1843 2829,1843 2833,1843 2908,1890 2911,1890 2914,1890 2918,1890 3266,1887 3269,1887 3365,1836 3368,1836 3471,1836 3474,1785 3461,1686 3392,1710 3211,1689 3184,1689 3181,1689 3177,1689 3170,1693 3133,1706 3007,1696 2778,1675 2775,1675 2693,1686 2689,1686 2686,1686 2686,1689 2669,1703 2652,1716 2587,1706 2542,1699 2539,1699 2536,1699 2512,1706 2474,1720 2450,1710 2399,1686 2396,1686 2392,1686 2389,1686 2385,1686 2351,1710 2314,1737 1778,1744 1710,1744 1689,1727 1645,1689 1641,1689 1638,1689 1634,1689 1423,1710 1338,1693 1334,1693 1331,1693 1262,1713 1198,1693 1194,1693 1191,1693 1044,1696 1041,1696 1037,1696 986,1740 890,1744 894,1815"/>
        <Baseline points="894,1815 2245,1812 3474,1785"/>
        <TextEquiv>
          <Unicode>Was haſt du Bängliches zur frohen Stunde? ſprich!</Unicode>
        </TextEquiv>
      </TextLine>

      
      
      <TextLine id="eSc_line_bc214c78" custom="structure {type:default;}">
        <Coords points="1696,1983 1693,2078 1812,2078 1812,2075 1815,2075 1819,2075 1826,2068 1853,2044 1877,2065 1904,2082 1908,2082 1911,2082 1914,2085 1976,2085 1976,2082 1979,2082 2034,2051 2054,2041 2088,2048 2123,2054 2126,2054 2263,2034 2266,1993 2266,1894 2187,1894 2184,1894 2181,1894 2177,1894 2177,1897 2157,1914 2088,1897 2007,1880 2003,1880 2000,1880 1928,1904 1887,1918 1867,1908 1812,1877 1809,1877 1805,1877 1802,1877 1798,1877 1757,1911 1751,1914 1696,1914 1696,1983"/>
        <Baseline points="1696,1983 2266,1993"/>
        <TextEquiv>
          <Unicode>Erzbiſchoff.</Unicode>
        </TextEquiv>
      </TextLine>

      
      
      <TextLine id="eSc_line_7d560c9d" custom="structure {type:default;}">
        <Coords points="870,2176 870,2227 1136,2206 1233,2227 1295,2242 1300,2242 1305,2242 1310,2242 1326,2227 1356,2206 1802,2201 1858,2227 1879,2237 1884,2237 1889,2242 2037,2242 2037,2237 2042,2237 2068,2227 2135,2201 2155,2227 2165,2232 2165,2237 2170,2237 2176,2237 2181,2242 2401,2242 2401,2237 2406,2237 2426,2227 2478,2201 2595,2201 2621,2227 2626,2227 2626,2232 2631,2232 2636,2232 2641,2232 2647,2232 2667,2227 2734,2206 2785,2227 2800,2232 2805,2232 2810,2232 2816,2232 2836,2227 2928,2196 2969,2227 2974,2232 2979,2232 2984,2232 2990,2232 3174,2227 3179,2227 3184,2227 3230,2196 3558,2222 3568,2176 3563,2068 3363,2027 3358,2027 3184,2063 3102,2027 3097,2027 3092,2027 2887,2053 2759,2027 2754,2027 2749,2027 2657,2053 2483,2032 2478,2032 2472,2032 2467,2032 2416,2068 2401,2068 2099,2032 2094,2032 1904,2068 1899,2068 1848,2032 1843,2032 1838,2032 1832,2032 1827,2032 1704,2068 1689,2073 1684,2068 1658,2048 1653,2048 1648,2048 1643,2048 1464,2068 1433,2073 1423,2068 1392,2042 1387,2042 1382,2042 1377,2042 1172,2068 1141,2073 1126,2073 1024,2037 1018,2037 1013,2037 865,2068 870,2176"/>
        <Baseline points="873,2177 2662,2153 3571,2177"/>
        <TextEquiv>
          <Unicode>Mit welchem bittern Schmerz find ich, in dieſer Stunde,</Unicode>
        </TextEquiv>
      </TextLine>

      
      
      <TextLine id="eSc_line_7579d3d6" custom="structure {type:default;}">
        <Coords points="843,2338 846,2379 880,2365 911,2379 1000,2416 1003,2416 1006,2416 1163,2399 1617,2409 1621,2409 1624,2409 1710,2362 1713,2362 1809,2402 1812,2402 1815,2406 1989,2406 1989,2402 1993,2402 2092,2355 2102,2351 2136,2355 2304,2372 2307,2372 2310,2372 2314,2372 2341,2351 2344,2348 2344,2351 2368,2368 2372,2368 2375,2368 2379,2368 2382,2368 2420,2348 2423,2348 2430,2348 2532,2365 2536,2365 2614,2351 2689,2375 2693,2375 2696,2375 2699,2375 2822,2341 2826,2341 2836,2341 3140,2351 3143,2351 3307,2334 3392,2351 3396,2351 3399,2351 3447,2327 3447,2304 3440,2245 3358,2242 3283,2205 3280,2205 3276,2205 3082,2211 3078,2211 2959,2245 2853,2215 2850,2215 2846,2215 2843,2215 2839,2215 2785,2252 2682,2252 2628,2222 2624,2222 2621,2222 2618,2222 2614,2222 2577,2256 2402,2256 2358,2232 2355,2232 2351,2232 2235,2256 2030,2222 2027,2222 1880,2228 1877,2228 1873,2228 1815,2263 1768,2235 1764,2235 1621,2225 1617,2225 1505,2228 1501,2228 1430,2266 1331,2232 1327,2232 1324,2232 1099,2273 993,2235 989,2235 986,2235 983,2235 979,2235 925,2276 839,2276 843,2338"/>
        <Baseline points="843,2338 3447,2304"/>
        <TextEquiv>
          <Unicode>Dein hochgeheiligt Haupt mit Satanas im Bunde.</Unicode>
        </TextEquiv>
      </TextLine>

      
      
      <TextLine id="eSc_line_102702ab" custom="structure {type:default;}">
        <Coords points="829,2491 829,2577 952,2577 952,2573 955,2573 962,2570 1078,2522 1194,2546 1198,2546 1201,2546 1249,2522 1471,2522 1522,2553 1539,2563 1542,2563 1546,2563 1549,2566 1699,2566 1699,2563 1703,2563 1754,2546 1843,2508 2024,2508 2061,2529 2065,2529 2068,2529 2071,2529 2208,2505 2239,2529 2269,2553 2273,2553 2276,2553 2280,2556 2437,2556 2437,2553 2556,2549 2560,2549 2614,2522 2894,2546 2897,2546 2901,2546 2904,2546 2962,2505 2979,2495 3119,2495 3136,2498 3232,2539 3235,2539 3239,2539 3423,2501 3498,2525 3502,2525 3505,2525 3508,2525 3590,2484 3590,2450 3580,2379 3437,2389 3416,2379 3386,2365 3382,2365 3256,2362 3252,2362 3249,2362 3194,2382 3181,2385 3170,2382 3133,2365 3130,2365 2897,2365 2894,2365 2764,2385 2662,2402 2611,2389 2560,2372 2556,2372 2553,2372 2549,2372 2546,2372 2522,2389 2498,2406 2368,2406 2317,2392 2266,2375 2263,2375 2259,2375 2256,2375 2211,2392 2164,2413 1976,2413 1890,2396 1819,2382 1815,2382 1812,2382 1781,2396 1744,2416 1679,2399 1634,2385 1631,2385 1628,2385 1624,2385 1597,2399 1566,2416 1375,2402 1368,2402 1365,2402 1361,2402 1314,2420 1269,2402 1266,2402 1262,2402 1259,2402 1242,2402 1054,2426 1013,2406 993,2396 989,2396 986,2396 826,2406 829,2491"/>
        <Baseline points="829,2491 3590,2450"/>
        <TextEquiv>
          <Unicode>Zwar, wie es ſcheinen will, geſichert auf dem Thron,</Unicode>
        </TextEquiv>
      </TextLine>

      
      
      <TextLine id="eSc_line_c2dbaf24" custom="structure {type:default;}">
        <Coords points="3597,2560 3532,2532 3529,2532 3525,2532 3321,2556 3249,2529 3246,2529 2921,2529 2918,2529 2914,2529 2911,2529 2863,2566 2662,2532 2658,2532 2655,2532 2553,2570 2365,2542 2362,2542 2358,2542 2355,2542 2317,2573 2167,2573 2071,2539 2068,2539 2065,2539 2061,2539 2058,2539 2007,2577 1873,2577 1611,2542 1607,2542 1604,2542 1600,2542 1566,2563 1471,2546 1467,2546 1464,2546 1351,2580 1297,2546 1293,2546 1290,2546 1174,2546 1170,2546 1167,2546 1064,2583 983,2549 979,2549 976,2549 972,2549 969,2549 925,2587 826,2587 829,2652 829,2693 907,2734 911,2734 914,2737 1000,2737 1000,2734 1003,2734 1006,2734 1075,2686 1078,2686 1170,2686 1358,2686 1416,2730 1419,2730 1423,2730 1426,2734 1518,2734 1518,2730 1522,2730 1631,2679 1679,2679 1751,2679 1860,2727 1863,2727 1867,2727 2007,2723 2010,2723 2013,2723 2051,2696 2242,2672 2256,2672 2259,2672 2307,2699 2310,2699 2314,2699 2317,2699 2413,2672 2450,2696 2454,2696 2457,2696 2461,2696 2536,2682 2583,2703 2587,2703 2856,2717 2860,2717 2863,2717 2867,2717 2932,2665 2935,2665 2993,2665 3068,2713 3072,2713 3075,2713 3078,2717 3256,2717 3256,2713 3607,2655 3607,2624 3604,2618 3597,2560"/>
        <Baseline points="829,2652 3607,2624"/>
        <TextEquiv>
          <Unicode>Doch leider! Gott dem Herrn, dem Vater Pabſt zum Hohn.</Unicode>
        </TextEquiv>
      </TextLine>

      
      
      <TextLine id="eSc_line_22063c54" custom="structure {type:default;}">
        <Coords points="846,2819 846,2850 928,2877 931,2877 935,2877 938,2877 942,2877 972,2853 972,2850 1146,2850 1160,2853 1249,2884 1252,2884 1256,2884 1259,2884 1262,2884 1307,2853 1314,2846 1580,2843 1597,2853 1634,2884 1638,2884 1641,2884 1645,2884 1648,2884 1710,2867 1809,2884 1812,2884 2071,2880 2075,2880 2078,2880 2109,2856 2136,2839 2406,2856 2409,2856 2600,2833 2693,2860 2717,2867 2720,2867 2723,2867 2727,2867 2730,2867 2737,2860 2775,2833 2908,2856 2911,2856 2914,2856 2918,2856 2952,2829 2996,2863 3007,2870 3010,2870 3013,2870 3017,2870 3249,2867 3252,2867 3263,2863 3345,2833 3420,2863 3426,2867 3430,2867 3433,2867 3556,2863 3556,2792 3546,2713 3457,2727 3399,2713 3348,2703 3345,2703 3341,2703 3338,2703 3324,2717 3304,2730 3194,2730 3153,2717 3099,2699 3095,2699 3092,2699 2969,2710 2880,2689 2877,2689 2874,2689 2870,2689 2809,2723 2785,2737 2652,2737 2638,2727 2621,2713 2618,2713 2614,2713 2611,2713 2607,2713 2556,2727 2522,2737 2440,2730 2304,2717 2300,2717 2297,2717 2239,2734 2222,2737 2215,2734 2153,2699 2150,2699 2007,2699 2003,2699 2000,2699 1938,2730 1863,2699 1860,2699 1856,2699 1662,2740 1576,2703 1573,2703 1570,2703 1566,2703 1563,2703 1501,2744 1498,2747 1498,2744 1426,2706 1423,2706 1419,2706 1416,2706 1307,2740 1235,2706 1232,2706 1228,2706 1225,2706 1153,2727 1003,2710 1000,2710 996,2710 993,2710 928,2754 843,2754 846,2819"/>
        <Baseline points="846,2819 3556,2792"/>
        <TextEquiv>
          <Unicode>Wenn dieſer es erfährt ſchnell wird er ſträflich richten,</Unicode>
        </TextEquiv>
      </TextLine>

      
      
      <TextLine id="eSc_line_8bee3b96" custom="structure {type:default;}">
        <Coords points="814,2979 814,3015 942,3015 988,3056 988,3061 993,3061 998,3061 1003,3066 1192,3066 1192,3061 1198,3061 1203,3061 1254,3020 1274,3010 1489,3010 1515,3025 1566,3061 1571,3061 1576,3061 1582,3061 1587,3061 1669,3031 1715,3010 2037,3010 2088,3036 2129,3061 2135,3061 2140,3061 2145,3061 2150,3061 2206,3041 2283,3010 2375,3041 2432,3061 2437,3061 2442,3066 2908,3066 2908,3061 2913,3061 2918,3061 2918,3056 2923,3051 2969,3010 3548,3061 3558,3051 3553,2892 3102,2892 3087,2882 3031,2851 3025,2851 3020,2851 3015,2851 3010,2851 2974,2882 2964,2892 2862,2892 2841,2877 2769,2846 2764,2846 2606,2846 2600,2846 2595,2846 2590,2846 2590,2851 2565,2877 2554,2882 2549,2877 2519,2851 2519,2846 2513,2846 2508,2846 2503,2846 2314,2872 2263,2877 2206,2872 2063,2846 2058,2846 2053,2846 1996,2867 1940,2887 1899,2867 1889,2856 1884,2856 1879,2856 1873,2856 1868,2856 1848,2867 1807,2882 1699,2862 1607,2846 1602,2846 1541,2862 1423,2887 1254,2856 1218,2851 1213,2851 1208,2851 1203,2851 1203,2856 1167,2882 1126,2851 1121,2846 1116,2846 1111,2846 1105,2846 1100,2846 1080,2851 1003,2887 972,2851 967,2851 967,2846 962,2846 957,2846 952,2846 808,2846 814,2979"/>
        <Baseline points="819,2983 2877,2969 3345,2990 3560,3054"/>
        <TextEquiv>
          <Unicode>Mit heiligem Strahl dein Reich das ſündige zu vernichten.</Unicode>
        </TextEquiv>
      </TextLine>

      
      
      <TextLine id="eSc_line_fea67f97" custom="structure {type:default;}">
        <Coords points="788,3102 783,3128 926,3164 931,3164 1085,3138 1177,3184 1182,3184 1187,3184 1192,3184 1300,3143 1454,3143 1474,3174 1479,3174 1479,3179 1484,3179 1489,3179 1495,3179 1500,3179 1505,3179 1546,3148 1582,3179 1587,3179 1592,3179 1597,3179 1602,3179 1607,3179 1648,3153 1904,3153 1940,3189 1940,3194 1945,3194 1950,3194 1955,3194 1960,3194 2088,3153 2160,3153 2309,3153 2380,3205 2385,3205 2391,3205 2396,3205 2401,3205 2508,3174 2549,3205 2554,3205 2560,3205 2995,3215 3000,3215 3292,3169 3297,3159 3281,3031 3174,3061 3097,3031 3092,3031 3087,3031 2698,3056 2585,3020 2580,3020 2575,3020 2570,3020 2472,3051 2042,3020 2037,3020 1925,3041 1792,3005 1786,3005 1781,3005 1771,3005 1484,3036 788,2990 788,3102"/>
        <Baseline points="791,3106 2048,3112 2771,3147 3301,3162"/>
        <TextEquiv>
          <Unicode>Denn noch vergaß er nicht wie du, zur höchſten Zeit,</Unicode>
        </TextEquiv>
      </TextLine>

      
      
      <TextLine id="eSc_line_5182a386" custom="structure {type:default;}">
        <Coords points="798,3251 793,3281 890,3281 896,3287 926,3312 926,3317 931,3317 936,3317 942,3317 947,3317 1029,3287 1039,3287 1525,3292 1525,3297 1582,3343 1582,3348 1587,3348 1592,3348 1925,3353 1930,3353 1935,3353 1940,3353 1996,3317 2119,3358 2124,3358 2129,3358 2396,3312 2524,3348 2529,3348 2534,3348 2739,3317 2851,3353 2856,3353 2862,3353 2867,3353 2923,3322 2974,3368 2974,3374 2979,3374 2984,3374 2990,3374 3235,3317 3240,3302 3235,3215 2969,3215 2959,3210 2892,3174 2887,3174 2882,3174 2877,3174 2810,3205 2790,3205 2457,3174 2452,3174 2447,3174 2406,3194 2319,3153 2314,3153 2309,3153 1996,3189 1991,3189 1710,3143 1704,3143 1699,3143 1638,3174 1571,3138 1566,3138 1377,3138 1372,3138 1367,3138 1269,3174 1126,3138 1121,3138 1116,3138 1111,3138 1034,3174 798,3174 798,3251"/>
        <Baseline points="802,3252 1693,3252 2631,3287 2823,3288 3030,3295 3245,3307"/>
        <TextEquiv>
          <Unicode>An deinem Krönungstag den Zauberer befreyt.</Unicode>
        </TextEquiv>
      </TextLine>

      
      
      <TextLine id="eSc_line_80028172" custom="structure {type:default;}">
        <Coords points="768,3394 762,3456 962,3430 1259,3471 1269,3471 1274,3471 1280,3471 1346,3435 1720,3445 1776,3481 1781,3481 1786,3481 1792,3481 1802,3481 1920,3456 1981,3486 1996,3491 2001,3491 2007,3491 2012,3491 2037,3486 2140,3461 2201,3491 2216,3496 2222,3496 2759,3507 2764,3507 2769,3507 2790,3502 2872,3471 2918,3502 2928,3512 2933,3512 2938,3512 2944,3512 2949,3512 2979,3502 3066,3476 3307,3507 3317,3461 3312,3368 3159,3368 3148,3363 3107,3328 3102,3328 3097,3328 3092,3328 3087,3328 2969,3358 2892,3322 2887,3322 2882,3322 2621,3348 2590,3322 2590,3317 2585,3317 2580,3317 2575,3317 2570,3317 2472,3348 2457,3353 2452,3348 2401,3312 2396,3312 2391,3312 2385,3312 2380,3312 2283,3348 2273,3348 1817,3343 1812,3338 1766,3297 1761,3297 1756,3297 1751,3297 1592,3333 1576,3333 1566,3333 1356,3287 1351,3287 1346,3287 1341,3287 1290,3328 1239,3328 1146,3328 1141,3322 1064,3281 1059,3281 916,3276 911,3276 906,3276 768,3312 768,3394"/>
        <Baseline points="771,3396 3193,3452 3321,3462"/>
        <TextEquiv>
          <Unicode>Da warf dein Diadem, der Chriſtenheit zum Schaden,</Unicode>
        </TextEquiv>
      </TextLine>

      
      
      <TextLine id="eSc_line_2b876c14" custom="structure {type:default;}">
        <Coords points="788,3558 783,3619 926,3635 931,3635 936,3635 942,3635 952,3624 1003,3594 1172,3594 1320,3594 1382,3630 1392,3640 1397,3640 1402,3640 1408,3640 1413,3640 1433,3635 1505,3599 1536,3635 1546,3640 1546,3645 1551,3645 1556,3645 1561,3645 1715,3635 1925,3624 1960,3640 1981,3650 1986,3650 1991,3650 1996,3650 2001,3650 2012,3640 2053,3609 2360,3640 2365,3640 2616,3614 2703,3650 2723,3660 2728,3660 2734,3660 2739,3660 2764,3655 2887,3619 2979,3655 3000,3665 3005,3665 3010,3665 3056,3660 3194,3630 3230,3660 3235,3660 3235,3665 3240,3665 3246,3665 3251,3665 3368,3660 3374,3630 3374,3517 2754,3512 2708,3496 2590,3466 2585,3466 2580,3466 2575,3466 2513,3491 2483,3507 2298,3507 2283,3481 2278,3481 2278,3476 2273,3476 2268,3476 2007,3476 1960,3476 1955,3471 1925,3445 1920,3445 1914,3445 1909,3445 1904,3445 1838,3466 1797,3481 1766,3466 1730,3445 1725,3445 1571,3445 1566,3445 1561,3445 1556,3445 1541,3456 1489,3491 1387,3491 1285,3450 1269,3445 1264,3445 1259,3445 1254,3445 1249,3445 1249,3450 1198,3481 1157,3445 1146,3435 1141,3435 1136,3435 788,3435 788,3558"/>
        <Baseline points="791,3560 1894,3560 2334,3584 3310,3606 3377,3635"/>
        <TextEquiv>
          <Unicode>Auf das verfluchte Haupt dererſten Strahl der Gnaden.</Unicode>
        </TextEquiv>
      </TextLine>

      
      
      <TextLine id="eSc_line_9424b2a5" custom="structure {type:default;}">
        <Coords points="793,3865 788,3896 844,3921 849,3921 855,3921 1218,3901 1315,3942 1320,3942 1326,3942 1802,3901 1843,3901 2037,3901 2048,3906 2129,3942 2135,3942 2140,3942 2293,3916 2524,3942 2529,3942 2534,3942 2539,3942 2539,3937 2575,3911 2585,3901 2616,3911 2734,3942 2739,3942 2744,3942 2749,3942 2826,3911 2856,3901 3010,3901 3031,3916 3072,3942 3077,3942 3082,3942 3087,3942 3486,3916 3491,3870 3486,3727 3225,3696 3220,3696 3215,3696 3133,3722 3118,3727 2560,3727 2544,3712 2524,3696 2519,3696 2513,3696 2508,3696 2503,3696 2472,3712 2447,3727 2114,3727 1991,3706 1925,3696 1920,3696 1914,3696 1899,3701 1853,3722 793,3691 793,3865"/>
        <Baseline points="795,3870 3496,3872"/>
        <TextEquiv>
          <Unicode>Dem Lügenfürſten du ein horchſam Ohr geliehen,</Unicode>
        </TextEquiv>
      </TextLine>

      
      
      <TextLine id="eSc_line_6bf4899f" custom="structure {type:default;}">
        <Coords points="783,4049 783,4085 901,4085 972,4131 977,4131 983,4131 988,4131 993,4131 1090,4101 1157,4126 1162,4126 1167,4126 1172,4126 1177,4126 1177,4121 1218,4085 1397,4131 1402,4131 1408,4131 1413,4131 1418,4131 1418,4126 1469,4080 1776,4080 1827,4121 1827,4126 1832,4126 1838,4126 1843,4126 1848,4126 1955,4085 2042,4126 2048,4126 2053,4126 2309,4101 2570,4121 2575,4121 2580,4121 2693,4070 3230,4116 3235,4116 3240,4116 3246,4116 3328,4065 3328,4029 3312,3916 2918,3947 2882,3921 2872,3911 2867,3911 2862,3911 2856,3911 2851,3911 2846,3911 2831,3921 2795,3952 2585,3952 2554,3927 2539,3916 2539,3911 2534,3911 2529,3911 2257,3911 2252,3911 2114,3937 2042,3952 2001,3942 1930,3916 1925,3916 1920,3916 1771,3947 1745,3947 1725,3947 1515,3916 1510,3916 1505,3916 1500,3916 1500,3921 1464,3952 1454,3957 1402,3952 1141,3921 1136,3921 1131,3921 1126,3921 1126,3927 1090,3957 1085,3962 1075,3957 947,3921 942,3921 936,3921 931,3921 926,3921 926,3927 885,3962 885,3968 778,3968 783,4049"/>
        <Baseline points="788,4051 3332,4034"/>
        <TextEquiv>
          <Unicode>Den ſtifte, from̄ belehrt, zu heiligem Bemühn;</Unicode>
        </TextEquiv>
      </TextLine>

      
      
      <TextLine id="eSc_line_3e26a606" custom="structure {type:default;}">
        <Coords points="829,4316 916,4285 1059,4316 1075,4316 1080,4316 1100,4316 1295,4290 1331,4316 1346,4326 1351,4326 1356,4326 1361,4326 1367,4326 1418,4311 1556,4275 1638,4311 1658,4321 1664,4321 1669,4326 1756,4326 1756,4321 1761,4321 1766,4321 1776,4311 1822,4275 2145,4275 2242,4305 2273,4316 2278,4316 2283,4316 2288,4316 2319,4305 2437,4264 2677,4305 2698,4305 2703,4305 2708,4305 2718,4305 2841,4264 2913,4300 2923,4305 2928,4305 2933,4305 2938,4305 2954,4300 3118,4254 3557,4350 3589,4295 3584,4121 3159,4121 2938,4085 2933,4085 2928,4085 2923,4085 2862,4126 2816,4106 2810,4106 2805,4106 2590,4131 2529,4085 2524,4085 2519,4085 2513,4085 2508,4085 2503,4085 2452,4121 2165,4090 2160,4090 2155,4090 2150,4090 2088,4131 1930,4090 1925,4090 1920,4090 1914,4090 1843,4116 1489,4101 1484,4101 1479,4101 1474,4101 1418,4152 1326,4152 1280,4106 1280,4101 1274,4101 1269,4101 1203,4101 1198,4101 1192,4101 1187,4101 1187,4106 1136,4152 947,4111 942,4111 936,4111 819,4152 824,4254"/>
        <Baseline points="826,4259 2747,4222 3225,4222 3461,4241 3591,4299"/>
        <TextEquiv>
          <Unicode>Mit Berg und dichtem Wald, ſo weit ſie ſich erſtrecken,</Unicode>
        </TextEquiv>
      </TextLine>

      
      
      <TextLine id="eSc_line_f0b0f2d5" custom="structure {type:default;}">
        <Coords points="803,4449 803,4485 1029,4474 1049,4485 1111,4536 1116,4536 1121,4536 1126,4541 1213,4541 1213,4536 1218,4536 1223,4536 1223,4531 1269,4485 1274,4480 1423,4480 1433,4485 1541,4531 1546,4531 1551,4536 1817,4536 1817,4531 1822,4531 1904,4500 2124,4526 2129,4526 2135,4526 2140,4526 2140,4520 2181,4480 2191,4469 2206,4480 2263,4515 2268,4515 2273,4515 2278,4515 2283,4515 2288,4515 2339,4474 2365,4459 2508,4474 2560,4480 2565,4480 2682,4474 3025,4454 3056,4469 3123,4515 3128,4515 3133,4515 3138,4520 3266,4520 3266,4515 3271,4515 3358,4469 3358,4439 3353,4331 3240,4290 3235,4290 3230,4290 3225,4290 3138,4336 3077,4295 3072,4295 3066,4295 2826,4290 2821,4290 2816,4290 2810,4290 2739,4341 2734,4341 2411,4295 2406,4295 2401,4295 2396,4295 2334,4341 2283,4300 2278,4300 2273,4300 2186,4300 2181,4300 2176,4300 2170,4300 2109,4352 1884,4352 1838,4311 1838,4305 1832,4305 1827,4305 1751,4305 1745,4305 1740,4305 1623,4352 1551,4305 1546,4305 1541,4305 1536,4305 1530,4305 1525,4305 1525,4311 1474,4352 1315,4326 1310,4326 1305,4326 1223,4357 1187,4326 1187,4321 1182,4321 1177,4321 1172,4321 1167,4321 1162,4321 1116,4357 901,4316 896,4316 890,4316 798,4357 803,4449"/>
        <Baseline points="805,4450 2563,4420 3362,4442"/>
        <TextEquiv>
          <Unicode>Mit Höhen die ſich grün zu ſteter Weide decken,</Unicode>
        </TextEquiv>
      </TextLine>

      
      
      <TextLine id="eSc_line_4f5411f8" custom="structure {type:default;}">
        <Coords points="844,4628 844,4710 1054,4684 1172,4710 1182,4710 1187,4710 1192,4710 1198,4710 1249,4664 1413,4664 1515,4695 1520,4695 1525,4695 1761,4664 2099,4689 2104,4689 2109,4689 2114,4689 2160,4659 2524,4700 2554,4700 2560,4700 2565,4700 2570,4700 2662,4654 2785,4654 2826,4689 2826,4695 2831,4695 2836,4695 2841,4695 2846,4695 2974,4659 3031,4695 3036,4695 3041,4695 3046,4695 3061,4695 3292,4659 3425,4689 3435,4613 3425,4505 3302,4520 3266,4505 3210,4474 3205,4474 3200,4474 2995,4505 2856,4526 2831,4505 2821,4495 2816,4495 2810,4495 2570,4480 2565,4480 2560,4480 2554,4480 2513,4505 2467,4536 2365,4536 2298,4505 2237,4485 2232,4485 2227,4485 2222,4485 2216,4485 2191,4505 2155,4536 2078,4536 2032,4510 1996,4485 1991,4485 1986,4485 1981,4485 1976,4485 1899,4510 1812,4541 1612,4541 1541,4510 1489,4490 1484,4490 1479,4490 1474,4490 1469,4490 1443,4510 1397,4546 1146,4546 1111,4510 1095,4500 1095,4495 1090,4495 1085,4495 1080,4495 839,4510 844,4628"/>
        <Baseline points="845,4633 928,4633 1017,4631 2658,4608 3440,4614"/>
        <TextEquiv>
          <Unicode>Fiſchreichen klaren Seen, dann Bächlein ohne Zahl,</Unicode>
        </TextEquiv>
      </TextLine>

      
      
      <TextLine id="eSc_line_26bab052" custom="structure {type:default;}">
        <Coords points="829,4805 829,4829 887,4850 890,4850 894,4850 1000,4829 1003,4829 1006,4829 1095,4860 1099,4860 1102,4860 1105,4860 1174,4826 1208,4826 1331,4826 1334,4826 1419,4874 1423,4874 1426,4874 1430,4874 1474,4857 1505,4877 1508,4877 1512,4877 1515,4877 1826,4860 1928,4874 1931,4874 2003,4870 2007,4870 2010,4870 2075,4819 2078,4819 2136,4819 2140,4819 2297,4870 2300,4870 2304,4870 2307,4870 2406,4816 2443,4816 2481,4816 2542,4864 2546,4864 2549,4864 2553,4864 2556,4864 2679,4812 2686,4812 2812,4812 2816,4812 2921,4864 2925,4864 2928,4864 2932,4864 3000,4829 3116,4860 3119,4860 3123,4860 3126,4860 3246,4809 3307,4829 3310,4829 3314,4829 3409,4805 3413,4782 3406,4713 3269,4713 3174,4672 3170,4672 3167,4672 3164,4672 3109,4693 3075,4676 3072,4676 3068,4676 3065,4676 3020,4696 2955,4683 2952,4683 2949,4683 2945,4683 2908,4713 2795,4693 2792,4693 2662,4720 2570,4720 2522,4679 2519,4679 2515,4679 2512,4679 2368,4713 2249,4683 2245,4683 2242,4683 2239,4683 2109,4724 1969,4724 1914,4686 1911,4686 1908,4686 1904,4686 1901,4686 1792,4720 1723,4686 1720,4686 1716,4686 1559,4717 1515,4689 1512,4689 1508,4689 1382,4689 1378,4689 1375,4689 1290,4727 1232,4689 1228,4689 1225,4689 1221,4689 1218,4689 1129,4713 1099,4693 1095,4693 1092,4693 986,4693 983,4693 979,4693 976,4693 921,4734 826,4734 829,4805"/>
        <Baseline points="829,4805 3413,4782"/>
        <TextEquiv>
          <Unicode>Wie ſie ſich, eilig ſchlängelnd, ſtürzen ab zu Thal;</Unicode>
        </TextEquiv>
      </TextLine>

      
      
      <TextLine id="eSc_line_bc85e713" custom="structure {type:default;}">
        <Coords points="808,4976 808,5012 1264,5012 1280,5017 1351,5063 1356,5063 1361,5063 1367,5063 1607,5022 1699,5012 1812,5027 2037,5063 2042,5063 2048,5063 2119,5032 2176,5012 2237,5038 2278,5053 2283,5053 2288,5053 2293,5053 2334,5038 2411,5012 2641,5012 2708,5043 2713,5048 2718,5048 2723,5048 2728,5048 2734,5048 2810,5012 2903,5048 2928,5058 2933,5058 2938,5058 2944,5058 2964,5048 3072,5007 3118,5053 3123,5053 3123,5058 3128,5058 3133,5058 3138,5058 3174,5053 3353,5022 3394,5053 3394,5058 3399,5058 3404,5058 3409,5063 3532,5063 3558,5068 3553,4889 3256,4889 3194,4843 3189,4843 3184,4843 3020,4843 3015,4843 3010,4843 2928,4884 2903,4858 2903,4853 2897,4853 2892,4853 2887,4853 2882,4853 2841,4874 2677,4843 2672,4843 2667,4843 2662,4843 2590,4889 2585,4889 2145,4848 2140,4848 2135,4848 1986,4894 1669,4894 1633,4864 1628,4864 1623,4864 1617,4864 1612,4864 1607,4864 1576,4889 1397,4848 1392,4848 1387,4848 1259,4894 1064,4894 936,4848 931,4848 926,4848 921,4848 803,4889 808,4976"/>
        <Baseline points="812,4980 3167,4966 3409,4976 3561,5073"/>
        <TextEquiv>
          <Unicode>Das breite Thal dann ſelbſt, mit Wieſen, Gauen, Gründen.</Unicode>
        </TextEquiv>
      </TextLine>

      
      
      <TextLine id="eSc_line_07a0793d" custom="structure {type:default;}">
        <Coords points="785,5143 781,5171 972,5195 976,5195 979,5195 1047,5178 1122,5229 1126,5229 1129,5229 1283,5232 1286,5232 1382,5215 1419,5232 1423,5232 1426,5236 1757,5236 1757,5232 1761,5232 1805,5208 1846,5215 1850,5215 1853,5215 1856,5215 1890,5188 1897,5181 1911,5188 1935,5198 1938,5198 1942,5198 1945,5198 1962,5188 1986,5178 2433,5178 2515,5198 2713,5239 2717,5239 2720,5239 2723,5239 2788,5201 2802,5191 2880,5184 2928,5184 2966,5205 3034,5239 3037,5239 3041,5239 3044,5239 3123,5205 3164,5188 3266,5208 3345,5222 3348,5222 3423,5208 3426,5160 3426,5089 3276,5038 3273,5038 3269,5038 3266,5038 3119,5075 3041,5055 3037,5055 3034,5055 3031,5055 3027,5055 2976,5085 2962,5085 2846,5079 2757,5041 2754,5041 2751,5041 2747,5041 2628,5085 2515,5085 2420,5034 2416,5034 2102,5034 2099,5034 2095,5034 1945,5082 1836,5082 1764,5031 1761,5031 1757,5031 1754,5031 1539,5079 1539,5082 1297,5082 1293,5079 1239,5031 1235,5031 1232,5031 1181,5027 1177,5027 1058,5051 1024,5027 1020,5027 1017,5027 928,5027 925,5027 921,5027 918,5027 839,5079 785,5079 785,5143"/>
        <Baseline points="785,5143 2331,5140 3426,5160"/>
        <TextEquiv>
          <Unicode>Die Reue ſpricht ſich aus, und du wirſt Gnade finden.</Unicode>
        </TextEquiv>
      </TextLine>

      
    </TextRegion>
    

    
  </Page>
</PcGts>
