4096 6144
1757 1027 3444 1201 Wunſch um Wünſche zu erlangen
1631 1187 3174 1385 Schaue nach dem Glanze dort!
1655 1348 3249 1536 Leiſe biſt du nur umfangen,
1652 1512 3481 1703 Schlaff iſt Schaale, wirf ſie fort!
1652 1686 3256 1843 Säume nicht dich zu erdreiſten
1665 1839 3485 2007 Wenn die Menge zaudernd ſchweift;
1621 1993 3160 2157 Alles kann der Edle leiſten,
1696 2160 3409 2331 Der verſteht und raſch ergreift.
2044 2327 3290 2522 /: die Sonne geht auf :/
2007 2546 2884 2730 Fauſt erwacht.
2153 2686 3710 2850 /: Ungeheures Getöſe verkündet
2327 2816 3682 2990 das Herannahen der Sonne :/
2129 3000 2580 3198 Ariel.
1751 3170 3727 3386 Horchet! Horcht! dem Sturm der Horen,
1751 3348 3413 3522 Tönend wird für Geiſtes=Ohren
1764 3505 3232 3693 Schon der neue Tag geboren.
1727 3648 3307 3819 Felſenthore knarren raſſelnd,
1768 3788 3416 3966 Phöbus Räder rollen praſſelnd,
1781 3925 3430 4126 Welche Getöſe bringt das Licht!
1771 4092 3314 4280 Es trommetet, es poſaunet,
1733 4232 3433 4420 Auge blinzt und Ohr erſtaunet,
1778 4403 3130 4570 Unerhörtes hört ſich nicht.
1788 4536 3491 4720 Schlüpfet zu den Blumenkronen,
1788 4693 3498 4884 Tiefer tiefer, ſtill zu wohnen,
1751 4833 3259 5010 In die Felſen unters Laub;
1805 4983 3358 5184 Trifft es euch ſo ſeyd ihr taub.
