4096 6144
901 696 3170 863 Nicht darf ich dir zu gleich mich vermeßen.
542 808 2903 1013 Hab’ ich die Kraft dich anzuziehn beſeßen;
546 965 2641 1122 So hatt’ ich dich zu halten keine Kraft.
559 1102 2324 1259 In jenem ſel’gen Augenblicke
576 1221 2304 1396 Ich fühlte mich ſo klein, ſo groß,
556 1341 2406 1515 Du ſtießeſt grauſam mich zurücke,
547 1469 2165 1679 Ins ungewiße Menſchenloos.
580 1607 2539 1815 Hier ſoll ich bangen, ſoll ich wähnen,
566 1754 2269 1928 Und hoffen in erneuter Pein,
587 1890 2744 2065 Soll an Verzweiflung mich gewöhnen
583 2061 2737 2239 Und größer als Verzweiflung ſeyn.
600 2191 2713 2368 Du Erdengeiſt, kennſt du die Macht
580 2331 2542 2495 Was eine Menſchenbruſt vermag?
614 2461 2519 2648 Ich breche durch! Nach dieſer Nacht
600 2628 2607 2788 Was kümmert mich ein neuer Tag.
624 2778 2546 2928 Ich ſollte wohl im Jammer weilen,
614 2911 2351 3078 Nachdem ich eimal dich geſchaut.
607 3048 2740 3232 Sieh mich entſchloßen, ſieh mich eilen.
610 3191 2508 3457 Das Ende ſuch ich, keine Braut.
