4096 6144
1372 880 1815 1030 Faust.
628 1078 2198 1256 Habe nun, ach! Philoſophie,
628 1218 1935 1396 Juriſterey und Medicin,
607 1331 2003 1477 Und leider auch Theologie.
651 1419 2362 1594 Durchaus ſtudirt mit heißem Bemühn.
638 1539 2048 1686 Da ſteh ich nun ich armer Thor.
638 1631 1993 1788 Und bin ſo klug als wie zuvor;
631 1727 2327 1890 Heiße Magiſter, heiße Docktor gar,
624 1856 2215 2034 Und ziehe ſchon an die zehen Jahr,
624 1966 2365 2129 Herauf, herab, und quer und krum,
617 2088 2365 2228 Meine Schüler an der Naſe herum –
621 2191 2662 2358 Und ſehe, daß wir nichts wißen können!
648 2317 2658 2454 Das will mir ſchier das Herz verbrennen.
634 2402 2798 2566 Zwar bin ich geſcheidter, als alle die Laffen,
590 2522 2757 2682 Doctoren, Magiſter, Schreiber und Pfaffen;
641 2645 2652 2826 Mich plagen keine Scrupel noch Zweifel,
645 2771 2819 2938 Fürchte mich weder für Hölle noch Teufel –
641 2921 2723 3089 Dafür iſt mir auch alle Freud enrißen,
638 3051 2727 3225 Bilde mir nicht ein, was rechts zu wiſſen,
645 3177 2802 3365 Bilde mir nicht ein, was rechts zu lehren,
641 3297 2850 3498 Die Menſchen zu beßern und zu bekehren.
651 3420 2467 3631 Auch hab ich weder Gut noch Geld,
634 3570 2542 3764 Noch Ehr’ noch Herrlichkeit der Welt.
641 3713 2723 3901 Es möchte kein Hund ſo länger leben!
846 3853 2863 4037 Drum hab’ ich mich der Magie ergeben.
655 3966 2481 4133 Ob mir durch Geiſteskraft und Mund,
658 4089 2614 4259 Nicht manch Geheimniß würde kund;
665 4235 2771 4423 Daß ich nicht mehr mit ſauerm Schweiß,
669 4386 2491 4580 Zu ſagen brauche, was ich nicht weiß;
597 4529 2245 4727 Daß ich erkenne was die Welt
638 4710 2129 4860 Im Innerſten zuſammenhält,
631 4836 2426 5003 Schau’ alle Wirkenskraft und Samen
631 4980 2600 5198 Und thu’ nicht mehr in Worten kramen.
