4096 6144
785 665 2757 846 Und fragſt du noch warum dein Herz
600 808 2522 1006 Sich bang’ in deinem Buſen klemmt?
600 952 2327 1099 Warum ein unerklärter Schmerz
628 1092 2293 1228 Dir alle Lebensregung hemmt?
600 1204 2037 1358 Statt aller lebenden Natur,
607 1324 2399 1512 Da Gott die Menſchen ſchuf hinein
631 1464 2549 1611 Umgiebt ein Rauch und Moder nur
645 1556 2391 1797 Dich Thiergeripp’ und Todtenbein.
873 1723 2829 1918 Flieh! auf! hinaus ins weite Land!
679 1880 2426 2048 Und dieß geheimnißvolle Buch,
675 2020 2512 2170 Von Noſtradamus eigner Hand,
651 2146 2430 2324 Iſt dir das nicht Geleit genug?
658 2297 2440 2447 Erkenneſt dann der Sterne Lauf,
665 2433 2525 2587 Und wenn Natur dich unterweißt,
682 2549 2529 2734 Dann geht die Seelenkraft dir auf,
686 2703 2710 2884 Wie ſpricht ein Geiſt zum andern Geiſt.
703 2846 2628 3003 Umſonſt, daß trocknes Sinnen hier
699 2990 2310 3150 Die Heil’gen Zeichen dir erklärt,
716 3147 2600 3338 Ihr ſchwebt, ihr Geiſter, neben mir,
689 3304 2792 3474 Antwortetet mir, wenn ihr mich hört!
1034 3454 3440 3720 Er ſchlägt das Buch auf, und erblickt das Zeichen
1058 3638 2146 3822 des Macrocosmus.
