4096 6144
1122 727 3259 918 Nun komm herab Kriſtallne reine Schale!
716 877 2321 1041 Hervor aus altem Futterale,
706 1017 2529 1160 An die ich viele Jahre nicht gedacht.
709 1140 2826 1310 Du glänzteſt bey der Väter Freudenfeſte,
723 1280 2331 1433 Erheiterteſt die ernſten Gäſte,
709 1413 2788 1556 Wenn einer dich, dem andern zugebracht.
723 1542 2781 1699 Der vielen Bilder künſtlich reiche Pracht,
711 1638 3220 1873 Des Trinkers Pflicht, ſie reimweis zu erklären,
716 1795 2894 1962 Auf einen Zug, die Hölung auszuleeren,
723 1928 2897 2095 Erinnert mich an manche Jugend„Nacht
716 2071 3164 2266 Ich werde jetzt dich keinem Nachbar reichen,
706 2228 3403 2440 Ich werde meinen Witz an deiner Kunſt nicht zeigen,
699 2365 2901 2542 Hier iſt ein Saft der eilig trunken macht.
742 2483 2974 2703 Mit brauner Fluth erfüllt er deine Höle.
737 2635 2532 2836 Den ich bereitet, den ich wähle,
740 2781 3031 2955 Der letzte Trunk sey nun, mit ganzer Seele
706 2935 3351 3191 Als feſtlich hoher Gruß, dem Morgen zugebracht!
1950 3138 3394 3404 Er ſetzt die Schale an
2007 3317 2739 3573 den Mund.)
