4096 6144
3174 518 3317 645 4.
904 658 3290 849 Welch Schauſpiel! aber ach! ein Schauſpiel nur!
648 788 2529 952 Wo faß ich dich unendliche Natur?
655 928 2935 1105 Euch Brüſte, wo? Ihr Quellen alles Lebens,
648 1064 2597 1208 An denen Himmel und Erde hängt,
675 1152 2411 1320 Dahin die welke Bruſt ſich drängt –
655 1259 3189 1479 Ihr quellt, ihr tränkt, und ſchmacht’ ich ſo vergebens!
962 1419 3351 1604 Er ſchlägt unwillig das Buch um und erblickt das
1006 1570 2280 1747 Zeichen des Erdgeiſtes.
716 1682 3013 1867 Wie anders wirkt dies Zeichen auf mich ein!
757 1802 2645 1966 Du, Geiſt der Erde, biſt mir näher;
740 1925 2563 2099 Schon fühl’ ich meine Kräfte höher,
723 2065 2641 2222 Schon glüh ich wie vom neuen Wein
798 2170 2921 2341 Ich fühle Muth mich in die Welt zu wagen,
764 2307 2863 2481 Der Erde Weh’, der Erde Glück zu tragen,
747 2440 2846 2600 Mit Stürmen mich herum zu ſchlagen,
750 2549 3252 2805 Und in des Schiffbruch’s Knirſchen nicht zu zagen.
768 2710 2129 2856 Es wölkt ſich über mir –
771 2822 2440 3003 Der Mond verbirgt ſein Licht –
774 2949 2003 3092 Die Lampe ſchwindet!
774 3048 2648 3222 Es dampft – Es zucken rothe Stralen
750 3215 2375 3348 Mir um das Haupt – Es weht
740 3328 2440 3485 Ein Schauer vom Gewölb’ herab
737 3457 1665 3614 Und faßt mich an!
750 3570 2973 3768 Ich fühl’s, du ſchwebſt um mich erflehter Geiſt.
730 3703 1389 3860 Enthülle dich!
747 3829 2754 4014 Ha! wie’s in meinem Herzen reißt!
733 3959 1880 4106 Zu neuen Gefühlen
679 4089 2488 4253 All meine Sinnenſich erwühlen!
761 4212 2846 4379 Ich fühle ganz mein Herz dir hingegeben!
757 4338 3054 4526 Du mußt! du mußt! Und koſtet es mein Leben!
983 4522 3321 4683 Er faßt das Buch, und ſpricht das Zeichen des Geiſtes
819 4706 3266 4932 geheimnißvoll aus. Es zuckt eine röthliche Flamme,
1003 4833 1945 5099 der Geiſt erſcheint.
