4096 6144
1215 658 1495 771 Fauſt.
624 716 2317 914 Was ſucht ihr mächtig und gelind,
631 832 2433 1024 Ihr Himmelstöne mich am Staube?
587 938 2679 1129 Klingt dortumher, wo weiche Menſchen ſind.
638 1044 3218 1239 Die Botſchaft hör ich wohl, allein mir fehlt der Glaube;
699 1187 3092 1378 Das Wunder iſt, des Glaubens liebſtes Kind.
662 1320 2966 1532 Zu jenen Sphären wag ich nicht zu ſtreben
573 1471 2413 1655 Woher die holde Nachricht Tönt;
638 1583 3372 1809 Und doch an dieſen Klang, von Jugend auf gewöhnt,
648 1754 3181 1931 Ruft er auch jetzt zurück, mich in das Leben. –
826 1897 3116 2109 Sonſt ſtürzte ſich der Himmels„Liebe
675 2061 3095 2228 Auf mich herab, in ernſter Sabbathſtille;
686 2170 3358 2372 Da klang ſo ahndungs voll des Glockentones Fülle
669 2334 2911 2491 Und ein Gebet, war brünſtiger Genuß;
669 2464 2590 2628 Ein unbegreiflich holdes Sehnen
675 2600 3290 2809 Trieb mich durch Wieſ’ und Wälder hinzugehn
675 2747 2768 2918 Und unter tauſend heißen Thränen
675 2891 2590 3048 Fühlt’ ich mir eine Welt entſtehn.
675 3027 3420 3222 Dies Lied verkündete der Jugend muntre Spiele
669 3345 3413 3563 Erinnerung hält mich nun, mit kindlichem Gefühle,
658 3478 2812 3659 Vom letzten, ernſten Schritt zurück.
672 3659 3082 3836 O! Tönet fort ihr ſüßen Himmelslieder!
679 3805 3068 4031 Die Thräne quillt, die Erde hat mich wieder.
1638 4010 2904 4256 /: In den Seßel ſinkend /
3140 535 3256 689 8.
