4096 6144
904 696 2996 880 Ha! welche Wonne fließt in dieſem Blick
638 856 3112 1017 Auf, einmal mir durch alle meine Sinnen!
634 993 2536 1150 Ich fühle, junges, heilges Lebensglück
610 1122 3085 1300 Neuglühend mir, durch Nerv’, und Adern rinnen.
617 1266 2778 1440 War es ein Gott, der dieſe Zeichen ſchrieb?
866 1402 2474 1553 Die mir, das innre Toben ſtillen,
658 1488 2580 1679 Das arme Herz mit Freude füllen
621 1628 2348 1815 Und mit geheimnißvollem Trieb,
651 1751 3109 1935 Die Kräfte der Natur rings um mich her enthüllen.
651 1890 2665 2041 Bin ich ein Gott? mir wird ſo licht!
641 2024 2351 2167 Ich ſchau in dieſen reinen Zügen
621 2133 3078 2310 Die würkende Natur vor meiner Seele liegen.
651 2256 3051 2443 Jetzt erſt erkenn ich, was der Weiſe ſpricht:
740 2420 2819 2556 „Die Geiſterwelt iſt nicht verſchloßen;
744 2539 2710 2699 „Dein Sinn iſt zu, dein Herz iſt todt!
747 2645 2676 2826 „Auf! bade, Schüler unverdroßen,
733 2785 2686 2973 „Die ird’ſche Bruſt in Morgenroth!“
1921 2996 3013 3229 Er beſchaut das Zeichen
723 3089 2416 3259 Wie alles ſich zum Ganzen webt,
713 3229 2699 3386 Eins in dem andern wirkt und lebt!
709 3345 3123 3563 Wie Himmelskräfte, auf und niederſteigen
727 3481 2604 3642 Und ſich die goldnen Eimer reichen!
720 3604 2450 3778 Mit Segen duftenden Schwingen,
723 3758 2771 3932 Vom Himmel, durch die Erde dringen,
730 3904 2717 4157 Harmoniſch all’ das All durchklingen!
