4096 6144
972 641 3368 853 Ein Feuerwagen ſchwebt, auf leichten Schwingen,
614 802 2437 1013 An mich heran! Ich fühle mich bereit
604 904 3010 1143 Auf neuer Bahn den Aether zu durchdringen,
621 1085 2597 1245 Zu neuen Sphären reiner Thätigkeit,
617 1204 2747 1389 Dieß hohe Leben, dieſe Götterwonne!
638 1338 2897 1525 Du, erſtnoch Wurm, und die verdieneſt du?
641 1488 2771 1665 Ja, kehre nur der Holdenerdenſonne
640 1602 2278 1843 Entſchloßen deinen Rücken zu!
655 1754 2850 1972 Vermeße dich, die Pforten aufzureißen,
641 1938 2870 2099 Vor denen jeder gern vorüberſchleicht.
621 2068 2925 2273 Hier iſt es Zeit, durch Thaten zu beweiſen,
621 2232 3246 2406 Daß Mannes„Würde nicht der Götterhöhe weicht,
614 2375 2676 2553 Vor jener dunklen Höle nicht zu beben,
624 2525 3256 2696 In der ſich Phantaſie, zur eignen Qual verdammt,
621 2676 2665 2839 Nach jenem durchgang hinzuſtreben,
614 2826 3263 3010 Um deßen engen Mund, die ganze Hölle flammt;
658 2983 3116 3150 Zu dieſem Schritt ſich heiter zu entſchließen
563 3112 3314 3331 Und wär es mit Gefahr, ins Nichts dahin zu fließen
