4096 6144
860 628 2413 802 O ſähſt du, voller Mondenſchein,
703 757 2362 925 Zum letzten mal auf meine Pein,
672 890 2290 1058 Den ich ſo manche Mitternacht
679 1020 2286 1184 An dieſem Pult herangewacht:
692 1146 2327 1314 Dann über Büchern und Papier,
669 1273 2621 1433 Trub’ſel’ger Freund erſchienſt du mir.
662 1406 2553 1559 Ach! könnt’ ich doch, auf Berges„Höh’n,
638 1532 2276 1682 In deinem lieben Lichte gehn,
645 1662 2781 1826 Um Bergeshöhle mit Geiſtern ſchweben,
651 1792 2710 1952 Auf Wieſen in deinem Dämmer weben,
641 1928 2604 2082 Von allem Wißensqualm entladen,
641 2082 2669 2225 In deinem Thau geſund mich baden!
805 2225 2682 2396 Weh! ſteck’ ich in dem Kerker noch?
669 2368 2474 2546 Verfluchtes dumpfes Mauerloch!
686 2505 2484 2669 Woſelbſt das liebe Him̄elslicht
689 2638 2614 2802 Trüb durch gemahlte Scheuben bricht.
686 2761 2474 2914 Beſchränkt von dieſem Bücherhauf,
706 2874 2474 3020 Den Würme nagen, Staub bedeckt,
716 2986 2580 3184 Den bis an’s Hohe Gewölb’ hienauf,
699 3130 2177 3269 Ein angeraucht Papier umſteckt;
699 3246 2433 3413 Mit Gläſern, Büchſen rings umſtellt,
709 3368 2464 3573 Mit Inſtrumenten vollgepfropft,
709 3532 2696 3713 Urväter Hausrath drein geſtopft –
716 3686 2641 3857 Das iſt deine Welt! das iſt deine Welt!
