4096 6144
549 727 1372 911 Wer ruft mir?
1041 655 1314 846 Geiſt.
1085 866 2065 1044 Fauſt /: abgewendet :/
1092 996 2075 1194 Schreckliches Geſicht!
552 1181 2106 1368 Du haſt mich mächtig angezogen,
1102 1112 1368 1273 Geiſt.
549 1307 2304 1536 An meiner Sphäre lang’ geſogen,
559 1495 1211 1621 Und nun –
1280 1515 1597 1669 Fauſt.
1153 1607 2416 1819 Weh! ich ertrag dich nicht!
580 1863 2331 2068 Du flehſt erathmend mich zu ſchauen,
1300 1764 1597 1959 Geiſt.
587 1986 2891 2187 Meine Stimme zu hören, mein Antlitz zu ſehn,
559 2126 2433 2314 Mich neigt dein mächtig Seelenflehn,
566 2263 2600 2437 Da bin ich! – Welch erbärmlich Grauen
535 2372 2993 2583 Faßt Uebermenſchen dich! Wo iſt der Seele Ruf?
607 2529 2955 2720 Wo iſt die Bruſt? die eine Welt in ſich erſchuf?
546 2696 2836 2860 Und trug und hegte; die mit Freudebeben
566 2833 3157 3061 Erſchwoll, ſich uns, den Geiſtern, gleich zu heben. ‐
580 2990 2962 3188 Wo biſt du, Fauſt? deß Stimme mir erklang,
587 3126 2778 3280 Der ſich, an mich mit allen Kräften drang?
600 3283 2976 3447 Biſt du es? der, von meinem Hauch umwittert,
604 3409 2191 3566 In allen Lebenstiefen zittert,
610 3519 2805 3700 Ein furchtſam weggekrümter Wurm!
648 3751 2635 3921 Soll ich dir Flammenbildung weichen?
1280 3630 1623 3793 Fauſt.
651 3887 2778 4140 Ich bin’s, bin Fauſt, bin deinesgleichen!
