4096 6144
3218 532 3358 658 6.
996 658 3416 860 Doch warum heftet ſich mein Blick auf jene Stelle?
692 819 3211 1010 Iſt jenes Fläſchchen dort den Augen ein Magnet?
686 972 3130 1136 Warum wird mir auf einmal lieblich helle?
682 1119 3543 1283 Als wenn im nächtgen Wald uns Mondenglanz umweht. –
692 1242 2621 1409 Ich grüße dich, du einzige Phiole!
696 1372 2928 1529 Die ich mit Andacht nun herunterhohle,
689 1512 3170 1686 In dir verehr’ ich Menſchenwitz und Kunſt.
686 1634 3089 1805 Du Inbegriff der holden Schlummerſäfte,
740 1768 2935 1942 Du Auszug aller tödtlich feinen Kräfte,
686 1918 2771 2061 Erweiſe deinem Meiſter deine Gunſt!
682 2048 3075 2222 Ich ſehe dich, es wird der Schmerz gelindert,
696 2187 2983 2358 Ich faße dich, das Streben wird gemindert,
689 2331 3058 2491 Des Geiſtes Fluthſtrom ebbet nach und nach.
716 2491 3153 2658 Ins hohe Meer, werd’ ich hienaus gewieſen,
720 2631 3276 2822 Die Spiegelfluth erglänzt zu meinen Füßen
737 2805 2952 2983 Zu neuen Ufern, lockt ein neuer Tag.
