4096 6144
945 692 3566 890 Wo der ſtille Winzer wirckte, dort auf ein=
2170 884 3307 1006 mal wirds lebendig,
955 1003 3580 1184 Und es rauſcht in jedem Laube, raſchelt um von
2150 1163 2935 1320 Stock zu Stock.
955 1297 3594 1477 Körbe knarren, Eimer klappern, Tragebutten
2187 1488 2856 1655 ächzen hin,
965 1624 3594 1819 Alles nach der großen Kufe zu den Keltrer
2061 1809 3126 1983 kräftigem Tanz,
1010 1931 3577 2119 Und ſo wird die heilige Fülle reingeborner
2198 2129 3362 2286 ſaftiger Beeren
952 2259 3597 2457 Frech zertreten, ſchäumend, ſprühend, miſcht ſichs
2170 2440 3362 2604 widerlich zerquetſcht.
1013 2549 3597 2751 Und nun gellt ins Ohr der Cymbeln, mit der Becken
2198 2734 2945 2877 Erzgetöne,
983 2850 3587 3037 Denn es hat ſich Dionyſos aus Myſterien ent„
2252 3003 2669 3194 hüllt;
1013 3133 3607 3321 Kommt hervor mit Ziegenfüßleren, ſchwenkend
2225 3317 3505 3498 Ziegenfüßlerinnen,
1017 3467 3621 3682 Und dazwiſchen ſchreit unbändig grell Silenus
2276 3638 3099 3788 öhrig Thier.
1051 3751 3611 3956 Nichts geſchont! Geſpaltne Klauen treten alle
2269 3918 2983 4075 Sitte nieder,
1020 4027 3638 4232 Alle Sinne wirbeln taumlich, gräßlich übertäubt
2245 4225 2792 4403 das Ohr.
1075 4314 3624 4526 Nach der Schaale tappen Trunkne, überfüllt ſind
2266 4481 3355 4669 Kopf und Wänſte,
1054 4597 3638 4826 Sorglich ist noch ein und andrer, doch vermehrt
2293 4771 3229 4932 er die Tumulte,
1061 4877 3607 5065 Denn um neuen Moſt zu bergen, leert man
2222 5048 3553 5215 raſch den alten Schlauch.
1655 5133 2594 5317 /: Der Vorhang fällt :/
