4096 6144
1778 1887 2348 2109 Phorkyas.
1573 2273 3758 2461 /: Nimmt Euphorions Kleid, Mantel
1604 2443 3768 2635 und Lyra von der Erde, tritt ins
1648 2604 3761 2819 Proſcenium, hebt die Exuvien in
1641 2788 2996 3007 die Höhe und ſpricht :/
1061 3000 3362 3249 Noch immer glücklich aufgefunden!
1068 3201 3601 3420 Die Flamme freylich iſt verſchwunden
1099 3386 3420 3604 Doch iſt mir um die Welt nicht leid.
1119 3580 3655 3812 Hier bleibt genug Poeten einzuweihen,
1085 3747 3628 3993 Zu ſtiften Gild– und Handwerksneid.
1129 3956 3659 4143 Und kann ich die Talente nicht verleihen
1085 4116 3358 4352 Verborg ich wenigſtens das Kleid.
1740 4307 3816 4560 /: ſie ſetzt ſich im Proſcenium an
1860 4509 3157 4669 eine Säule nieder :/
