4096 6144
1815 795 2365 1020 Antiſtrophe.
986 1112 2474 1256 1. So auch Er, der behendeſte,
972 1273 2549 1426 2. Daſs er Dieben und Schälken
965 1433 2553 1556 3. Vortheil suchenden Allen auch
972 1576 2461 1730 4. Ewig günſtiger Dæmon sey
969 1737 2491 1890 5. Dieſs bethätigt er alsobald
959 1880 2437 2027 6. Durch gewandteſte Künſte.
969 2030 2775 2184 7.Gleich des Meeres Beherrſcher ſtiehlt
1136 1966 1454 2109 Schnell
972 2167 2754 2324 8. Er den Trident, ja dem Ares ſelbst
969 2331 2751 2471 9. Schlau das Schwerdt aus der Scheide:
969 2481 2542 2631 10. Bogen und Pfeile dem Apoll
2276 2426 2778 2536 Phoebus auch
959 2607 2512 2781 11. Wie Hephæſtos die Zange;
959 2764 2549 2932 12. Selber Zeus’, des Vaters, Blitz
972 2928 3048 3106 13. Nähm er, schreckt’ ihn das Feuer nicht,
959 3092 2478 3266 14. Doch dem Eros siegt er ob
952 3266 2720 3426 15. In Bein ſtellendem Kampferspiel,
2201 3215 2478 3324 Ringer-
931 3440 1443 3609 16. Raubt
1269 3348 2775 3553 auch Cyprien, wie sie ihm kos’t,
942 3604 2686 3768 17. Noch vom Buſen den Gürtel.
1213 3783 3036 4014 /: Ein reitzendes, rein melodiſches
1269 3935 3000 4116 Saitenſpiel erklingt aus der
1280 4029 3077 4234 Höle. Alle mercken auf und
1280 4133 3003 4382 ſcheinen bald innig gerührt :/
