4096 6144
781 1037 2549 1232 1. Dieſen zierlich und kräftig doch
791 1228 2266 1389 2. Kaum geborenen Säugling
802 1375 2819 1529 3. Faltet in reinſter Windeln Flaum
802 1536 2914 1686 4. Strenget in köſtlicher Wickeln Schmuck
836 1675 2747 1819 5.Klatſchender Wärterinnen Schaar
832 1832 2293 1966 6. Unvernünftigen Wähnens.
846 1983 2594 2150 7. Kräftig und zierlich aber zieht
836 2133 2693 2290 8 Schon der Schalk die geſchmeidigen
798 2273 2222 2450 9 Doch elaſtiſchen Glieder
839 2430 2372 2583 10 Liſtig heraus, die purpurne
849 2573 2495 2740 11. Aengſtlich drückende Schaale
836 2744 2618 2894 12 Laſſend ruhig an ſeiner Statt:
781 2891 2665 3085 13 Gleich dem fertigen Schmetterling
819 3082 2631 3246 14. Der aus ſtarrem Puppenzwang
812 3222 2856 3420 15 Flügel entfaltend behendig ſchlüpft
826 3409 2751 3590 16. Sonne–durchſtrahlten Aether kühn
832 3590 2652 3788 17. Und muthwillig durchflatternd.
