4096 6144
1751 750 2007 901 Chor.
1266 911 3368 1075 Königinnen freylich überall ſind ſie gern;
1256 1064 3328 1245 Auch im Hades ſelbſt ſtehen ſie oben an
1297 1242 2819 1409 Stolz zu ihres Gleichen geſellt,
1286 1406 3225 1583 Mit Perſephonen innigſt vertraut;
1256 1556 2863 1730 Aber wir im Hintergrunde
1303 1713 2822 1884 Tiefer Asphodelos=Wieſen,
1310 1873 2600 2034 Langgeſtreckten Pappeln,
1300 2017 3007 2201 Unfruchtbaren Weiden zugeſellt,
1320 2198 3119 2358 Welchen Zeitvertreib haben wir?
1249 2358 2891 2546 Fledermausgleich zu piepſen,
1314 2529 3194 2730 Geflüſter, unerfreulich geſpenſtig.
1682 2744 2249 2949 Chorführ.
959 2942 3464 3106 Wer keinen Namen ſich erwarb, noch edles will,
887 3112 3109 3283 Gehört den Elementen an, ſo fahret hin!
914 3263 3556 3437 Mit meiner Königin zu ſeyn verlangt mich heiß;
936 3404 3584 3619 Nicht nur Verdienſt auch Treue wahrt uns die Perſon.
2669 3601 2976 3758 /: ab :/
