4096 6144
1191 897 2618 1071 Wie Enceladus der Mächtige
1201 1044 2590 1218 Biſt du alſobald geſtärkt.
1211 1187 2816 1375 Und ſo ſpringt er auf die Maſſe
1204 1365 2727 1539 Dieſes Felſens, von der Kante
1215 1505 2771 1679 Zu den andern und umher ſo
1221 1665 2846 1846 Wie ein Ball geſchlagen ſpringt.
1317 1873 2843 2041 Doch auf einmal in der Spalte
1194 2017 3051 2208 Rauher Schlucht iſt er verſchwunden,
1228 2184 2990 2334 Und nun ſcheint er uns verloren.
1239 2355 2942 2501 Mutter jam̄ert, Vater tröſtet,
1242 2491 2447 2689 Achſelzuckend ſteh ich da.
1235 2658 2938 2826 Doch nun wieder! welch Erſcheinen!
1259 2819 2867 2996 Liegen Schätze dort verborgen
1262 2973 2717 3133 Blumenſtreifige Gewande
1249 3143 2747 3297 Hat er würdig angethan
1211 3290 2935 3461 In der Hand die goldne Leyer,
1198 3444 2962 3607 Völlig wie ein kleiner Phöbos
1239 3573 2790 3773 Tritt er wohlgemuth heran
1228 3747 3065 3921 Auf dem Ueberhang; wir ſtauenen.
1235 3915 2826 4085 Und die Eltern für Entzücken
1273 4075 2942 4246 Werfen wechſelnd ſich ans Herz.
1256 4239 3109 4410 Doch wie leuchtets ihm zu Haupten?
1252 4399 3048 4604 Was erglänzt iſt ſchwer zu ſagen,
834 2595 1049 4490 Quaſten ſchwanken von den Armen,
691 2739 911 4341 Binden flattern um den Buſen
