4096 6144
1290 839 2894 993 Doch auf einmal ein Gelächter
1307 993 3020 1163 Echo’t in den Höhlen Räumen,
1331 1150 3225 1344 Schau ich hin da ſpringt ein Knabe
1338 1324 3208 1495 Von der Frauenſchoos zum Manne,
1348 1491 3157 1655 Von dem Vater zu der Mutter;
1348 1665 2754 1819 Das Gekoſe das Getändel,
1365 1815 2897 2020 Thöriger Liebe Neckereyen,
1365 1996 3027 2191 Scherzgeſchrey und Luſtgejauchze
1348 2174 2904 2351 Wechſelnd übertäuben mich.
1515 2416 3147 2641 Nackt ein Genius ohne Flügel,
1368 2597 2952 2795 Faunenartig ohne Thierheit,
1378 2754 3177 2962 Springt er auf den feſten Boden,
1378 2935 3116 3126 Doch der Boden gegenwirkend
1392 3092 3181 3307 Schnellt ihn zu der luftigen Höhe
1396 3269 3188 3450 Und im zweyten dritten Sprunge
1387 3430 3123 3619 Rührt er an das Hochgewölb.
1536 3652 3389 3874 Aengſtlich ruft die Mutter: ſpringe
1399 3850 3068 4048 Wiederholt und nach Belieben,
1399 4014 2914 4208 Aber hüte dich zu fliegen
1430 4171 3160 4358 Freyer Flug iſt dir verſagt.
1413 4328 3229 4498 Und ſo mahnt der treue Vater:
1416 4481 3065 4652 In der Erde liegen Kräfte
1399 4635 3218 4805 Die dich aufwärts treiben, rühre
1426 4768 3058 4962 Mit der Zehe nur den Boden.
