4096 6144
1662 706 3365 928 Chor /: Einzeln ſchnell eintretend :/
1208 897 2686 1095 Uns iſt er vorbey gelaufen
1235 1020 2904 1232 Mit Verachtung uns verhöhnend,
1235 1167 3072 1389 Schleppt er von dem ganzen Haufen
1259 1334 2734 1512 Nun die Wildeſte herbey.
1653 1464 3486 1720 Euphorion /: ein junges Mädchen herein„
2689 1611 3208 1774 tragend :/
1276 1727 2959 1966 Schlepp ich mir die derbe Kleine
1276 1901 2788 2140 Zu erzwungenem Genuſſe
1314 2058 3027 2259 Mir zur Wonne mir zur Luſt.
1276 2215 2979 2437 Drück ich widerſpenſtige Bruſt,
1303 2379 3037 2590 Küß ich widerwärtigen Mund,
1327 2539 3024 2730 Thue Kraft und Willen kund.
1768 2747 2307 2880 Mädchen.
1320 2884 2945 3112 Laß mich los! In dieſer Hülle
1331 3015 3164 3271 Iſt auch Geiſtes Muth und Kraft,
1334 3205 3027 3392 Deinem gleich iſt unſer Wille
1368 3355 3140 3546 Nicht ſo leicht hinweggerafft.
1368 3491 3252 3710 Glaubſt du wohl mich im Gedränge?
1368 3672 3249 3833 Deinem Arm vertrauſt du viel.
1389 3802 2973 3997 Halte feſt und ich verſenge
1368 3962 3157 4167 Dich den Thoren mir zum Spiel.
1727 4123 3437 4334 /: ſie flammt auf und lodert
1819 4290 2621 4433 in die Höhe :/
1365 4403 2877 4577 Folge mir in leichte Lüfte
1351 4520 3169 4730 Folge mir in ſtarre Grüfte
1396 4689 3222 4867 Haſche das verſchwundne Ziel.
2698 4915 3271 5145 Euphorion
2870 5164 3324 5304 S. 8. #
