4096 6144
3198 559 3290 672 63
1356 793 1889 1034 Homunk.
1157 1034 2669 1204 Nun auf! den Mantel her,
764 1198 2669 1375 Und um den Ritter umgeſchlagen!
737 1348 2737 1512 Der Lappen wird euch, wie bisher,
730 1518 2850 1682 Den einen mit dem andern tragen,
774 1655 1761 1819 Ich leuchte vor.
1498 1805 2624 2017 Wagn. /: ängſtlich :/
1489 2017 2073 2216 Und ich?
1495 2165 2053 2411 Homunk.
1930 2355 2467 2570 Eh nun
740 2529 2693 2723 Du bleibſt zu Hauſe Wichtigſtes zu thun.
757 2696 2880 2860 Entfalte du die alten Pergamente,
768 2839 3024 3017 Nach Vorſchrift ſam̄le Lebens=Elemente
774 2996 3092 3174 Und füge ſie mit Vorſicht eins ans andre.
750 3150 2904 3321 Das Was bedenke, mehr bedenke Wie?
762 3292 3118 3481 Indeſſen ich ein Stückchen Welt durchwandre
778 3454 3000 3652 Entdeck’ ich wohl das Tüpfchen auf das I.
768 3614 2821 3824 Dann iſt der große Zweck erreicht,
771 3805 3232 3956 Solch einen Lohn verdient ein ſolches Streben:
768 3916 3200 4121 Gold, Ehre, Ruhm, geſundes langes Leben
791 4072 3215 4266 Und Wiſſenſchaft und Tugend auch vielleicht.
788 4205 1382 4396 Leb wohl!
1505 4304 2604 4481 Wagn /: betrübt :/
1235 4457 3283 4631 Leb wohl! Das drückt das Herz mir nieder.
771 4567 3034 4771 Ich fürchte ſchon ich ſeh dich niemals wieder.
1522 4758 1867 4904 Meph.
798 4843 2727 5024 Und Nun zum Peneios friſch hinab,
795 4973 2816 5126 Herr Vetter iſt nicht zu verachten.
1239 5058 2355 5242 /: ad Spectatores :/
721 5160 2498 5335 Am Ende hängen wir doch ab
822 5290 2816 5444 Von Creaturen die wir machten.
