4096 6144
1276 771 2082 931 Homunkulus.
563 942 1689 1143 Was giebt’s zu thun?
1341 1078 3300 1273 Mephiſt /: auf eine Seitenthüre deutend :/
1448 1228 2851 1469 Hier zeige deine Gabe!
1367 1423 3102 1669 Wagner /: immer in die Phiole
2319 1546 2892 1730 ſchauend :/
588 1653 2964 1868 Fürwahr, du biſt ein allerliebſter Knabe.
906 1797 3107 2007 /: Die Seitenthür öffnet ſich, man ſieht Fauſt
1157 1949 2771 2150 auf dem Lager hingeſtreckt :/
1331 2088 2769 2391 Homunkulus. /: erſtaunt :/
609 2339 1448 2524 Bedeutend! –
952 2416 3328 2698 /: Die Phiole entſchlüpft aus Wagners Händen,
1013 2585 3215 2836 ſchwebt über Fauſt und beleuchtet ihn :/
1112 2785 3133 3031 Schön umgeben! – Klar Gewäſſer
648 2945 3126 3211 Im dichten Haine, Frau’n die ſich entkleiden;
655 3092 3133 3353 Die allerliebſten! – Das wird im̄er beſſer.
696 3266 3082 3532 Doch eine läßt ſich glänzend unterſcheiden,
701 3445 3281 3696 Aus höchſtem Helden=, wohl aus Götterſtamme;
682 3618 3252 3822 Sie ſetzt den Fuß in das durchſichtige Helle;
709 3775 3037 3979 Des edlen Körpers holde Lebensflamme
696 3962 3198 4133 Kühlt ſich im ſchmiegſamen Kryſtall der Welle. –
709 4089 2723 4229 Doch welch Getöſe raſch bewegter Flügel,
727 4201 3201 4358 Welch Sauſen, Plätſchern wühlt im glatten Spiegel?
716 4331 2976 4478 Die Mädchen fliehn verſchüchtert; doch allein
733 4461 2723 4608 Die Königin ſie blickt gelaſſen drein,
740 4587 3024 4747 Und ſieht, mit ſtolzem, weiblichem Vergnügen,
733 4730 3266 4884 Der Schwäne Fürſten ihrem Knie ſich ſchmiegen,
764 4857 3123 5031 Zudringlichzahm. Er ſcheint ſich zu gewöhnen. –
768 4969 2901 5150 Auf einmal aber ſteigt ein Dunſt empor,
771 5120 2631 5273 Und deckt mit dichtgewebtem Flor
774 5246 2614 5399 Die lieblichſte von allen Scenen.
3174 587 3256 689 61
