4096 6144
1827 660 2191 829 Fauſt.
1201 788 3334 948 Das Uebermaas der Schätze, das, erſtarrt,
1116 925 3256 1095 In deinen Landen tief im Boden harrt,
1140 1058 3437 1232 Liegt ungenutzt. Der weiteſte Gedanke
1160 1198 3635 1378 Iſt ſolches Reichthums küm̄erlichſte Schranke,
1157 1327 3280 1542 Die Phantaſie, in ihrem höchſten Flug,
1163 1488 3631 1672 Sie ſtrengt ſich an und thut ſich nie genug.
1153 1621 3652 1822 Doch faſſen Geiſter, würdig tief zu ſchauen,
1146 1764 3597 1979 Zum Gränzenloſen gränzenlos Vertrauen.
1945 1935 2454 2119 Mephiſt.
1242 2037 3604 2266 Ein ſolch Papier, an Gold und Perlen ſtatt,
1249 2187 3751 2399 Iſt ſo bequem, man weis doch was man hat,
1235 2334 3846 2525 Man braucht nicht erſt zu markten noch zu tauſchen,
1221 2481 3781 2682 Kann ſich nach Luſt in Lieb und Wein berauſchen,
1259 2631 3645 2822 Will man Metall, ein Wechsler iſt bereit,
1266 2792 3580 2979 Und fehlt es da, ſo gräbt man eine Zeit.
1242 2932 3488 3112 Pokal und Kette wird verauctionirt,
1225 3089 3351 3235 Undas Papier, ſogleich amortiſirt,
1290 3177 3474 3338 nBeſchämt der Zweifler der uns frech verhöhnt.
1286 3259 3751 3420 Man will nichts anders, iſt daran gewöhnt.
1259 3409 3696 3553 So bleibt von nun an allen Kaiſer Landen
1256 3570 3751 3744 An Kleinod, Gold, Papier genug vorhanden.
1955 3737 2484 3928 Kaiſer.
1259 3860 3584 4037 Das hohe Wohl verdankt euch unſer Reich,
1300 4010 3505 4188 Wo möglich ſey der Lohn dem Dienſte gleich.
1262 4140 3734 4317 Vertraut ſey euch des Reiches inrer Boden,
1269 4280 3635 4440 Ihr ſeyd der Schätze würdigſte Cuſtoden.
1262 4430 3720 4570 Ihr kennt den weiten wohlverwahrten Hort,
1331 4536 3843 4706 Und wenn man gräbt ſo ſey’s auf euer Wort.
1303 4659 3822 4819 Vereint euch nun ihr Meiſter unſres Schatzes,
1324 4795 3816 4966 Erfüllt mit Luſt die Würden eures Platzes,
1320 4922 3498 5079 Wo mit der obern=ſich die Unterwelt,
1293 5051 3505 5236 In Einigkeit beglückt, zufriedenſtellt.
