4096 6144
1280 737 2657 957 Meph. /: umherſpürend :/
781 945 3000 1126 Und wie ich dieſe Feuerchen durchſchweife,
808 1090 3143 1300 So find’ ich mich doch ganz und gar entfremdet,
757 1262 3126 1416 Faſt alles nackt, nur hie und da behemdet,:
798 1389 3181 1597 Die Sphynxe ſchamlos, unverſchämt die Greife,
812 1542 2887 1737 Und was nicht alles, lockig und beflügelt,
785 1693 3112 1911 Von vorn und hinten ſich im Auge ſpiegelt....
778 1853 3169 2063 Zwar ſind auch wir von Herzen unanſtändig,
798 2007 2795 2216 Doch das Antike find’ ich zu lebendig;
802 2191 3280 2341 Das müßt man mit neuſtem Sinn bemeiſtern
1116 2140 1454 2259 müßte
839 2344 3136 2515 Und mannigfaltig modiſch überkleiſtern....
808 2488 3314 2682 Ein widrig Volk! doch darf michs nicht verdrießen
778 2638 3089 2829 Als neuer Gaſt anſtändig ſie zu grüßen....
826 2798 3287 2996 Glück‿zu! den ſchönen Frau’n! den klugen Greiſen!
1327 2986 2611 3184 Greif. /: ſchnarrend :/
808 3167 3328 3365 Nicht Greiſen! Greifen! – Niemand hört es gern
788 3355 3328 3543 Daß man ihn Greis nennt. Jedem Worte klingt
791 3512 3225 3703 Der Urſprung nach wo es ſich her bedingt:
832 3679 3328 3884 Grau, grämlich, griesgram, gräulich, Gräber, grim̄ig,
846 3840 2942 4031 Etymologiſch gleicherweiſe ſtimmig,
856 4014 1846 4164 Verſtimmen uns.
1477 4154 1867 4314 Meph.
853 4392 3211 4577 Gefällt das Grei im Ehrentitel Greifen.
1730 4239 3280 4420 Und doch, nicht abzuſchweifen,
1512 4556 3328 4727 Greif. /: wie oben und im̄er ſo fort :/
849 4717 3170 4881 Natürlich! die Verwandtſchaft iſt erprobt,
832 4864 3092 5034 Zwar oft geſcholten, mehr jedoch gelobt;
890 5002 3312 5181 Man greife nun nach Mädchen, Kronen, Gold,
839 5133 3000 5324 Dem Greifenden iſt meiſt Fortuna hold.
3169 532 3307 670 66
3169 629 3266 773 4
