4096 6144
1389 979 2003 1150 Gemurmel.
1167 1153 2908 1327 Das iſt ein Schalk – Ders wohl verſteht –
1184 1317 2775 1505 Er lügt ſich ein – So lang es geht –
1204 1443 2949 1658 Ich weis ſchon – Was dahinter ſteckt –
1198 1628 2887 1792 Und was denn weiter? – Ein Project –
1413 1877 1901 2058 Mephiſt.
890 2013 2959 2205 Wo fehlts nicht irgendwo auf dieſer Welt?
870 2174 3181 2358 Dem dies, dem das, hier aber fehlt das Geld.
884 2331 3099 2536 Vom Eſtrich zwar iſt es nicht aufzuraffen;
856 2498 3136 2713 Doch Weisheit weiß das Tiefſte herzuſchaffen.
907 2696 2662 2874 In Bergesadern, Mauergründen
901 2846 3044 3075 Iſt Gold gemünzt und ungemünzt zu finden,
904 3031 3170 3235 Und fragt ihr mich wer es zu Tage ſchafft:
904 3198 3133 3406 Begabten Mann’s Natur= und Geiſteskraft.
1396 3437 1843 3611 Canzler.
914 3560 3317 3764 Natur und Geiſt! So ſpricht man nicht zu Chriſten.
907 3741 2744 3891 Deshalb verbrennt man Atheiſten,
925 3891 3020 4092 Weil ſolche Reden höchſt gefährlich ſind.
904 4072 2853 4249 Natur iſt Sünde, Geiſt iſt Teufel,
914 4242 2856 4406 Sie hegen zwiſchen ſich den Zweifel
1174 4338 2795 4485 mißgeſtaltet Zwitterkind
938 4430 2604 4590 Ihr allerliebſtes Hurenkind.
925 4573 2740 4717 Uns nicht ſo! – Kaiſers alten Landen
921 4717 2795 4867 Sind zwey Geſchlechter nur entſtanden,
907 4843 2679 5017 Sie ſtützen würdig ſeinen Thron.
935 4986 2754 5143 Die Heiligen ſind es und die Ritter:
925 5120 2658 5273 Sie ſtehen jedem Ungewitter
928 5229 3044 5454 Und nehmen Kirch’ und Staat zum Lohn.
