4096 6144
1457 819 1979 959 Dritter.
1047 948 3201 1126 Mir ward es vor den Augen ſchlecht,
1054 1119 2979 1317 Da flimmert es, ich ſah nicht recht.
1501 1252 2041 1413 Vierter.
1075 1426 2874 1634 Wie ich es nicht zu ſagen weiß:
1111 1536 2974 1817 Es war den ganzen Tag ſo heiß,
1085 1715 2913 1945 So bänglich, ſo beklom̄en ſchwül,
1078 1901 3007 2071 Der eine ſtand der andere fiel,
1102 2027 3150 2269 Man tappte hin und ſchlug zugleich,
1075 2191 3230 2442 Der Gegner fiel vor jedem Streich,
1088 2385 3194 2604 Vor Augen ſchwebt es wie ein Flor,
1071 2525 3389 2757 Dann ſum̄ts und ſaußts und ziſcht im Ohr.
1064 2713 3307 2925 Das ging ſo fort, nun ſind wir da
1088 2884 3362 3058 Und wiſſen ſelbſt nicht wie’s geſchah.
1460 3068 3522 3276 Kaiſer, mit Vier Fürſten /: treten auf :/
1614 3269 3368 3444 Die Trabanten. /: entfernen ſich :/
1489 3430 2001 3630 Kaiſer.
692 3597 3485 3822 Es ſey nun wie ihm ſey! uns iſt die Schlacht gewonnen,
692 3778 3457 3976 Des Feinds zerſtreute Flucht im flachen Feld zerron̄en.
696 3937 3456 4147 Hier ſteht der leere Thron, verrätheriſcher Schatz,
699 4102 3252 4293 Von Teppichen umhüllt, verengt umher den Platz.
692 4280 3481 4457 Wir, ehrenvoll, geſchützt von eigenen Trabanten,
670 4433 3328 4648 Erwarten Kayſerlich der Völker Abgeſandten;
655 4618 3201 4799 Von allen Seiten her kom̄t frohe Botſchaft an:
679 4792 3181 4983 Beruhigt ſey das Reich, uns freudig zugethan.
682 4949 3532 5150 Hat ſich in unſern Kampf auch Gaukeley geflochten,
655 5130 3188 5300 Am Ende haben wir uns nur allein gefochten.
