4096 6144
1553 706 3467 894 Der raubt ſich Heerden, der ein Weib,
1409 877 3618 1071 Kelch, Kreuz und Leuchter vom Altare,
1426 1044 3307 1235 Berühmt ſich deſſen manche Jahre
1457 1204 3631 1385 Mit heiler Haut, mit unverletztem Leib.
1440 1358 3543 1566 Jetzt drängen Kläger ſich zur Halle,
1437 1518 3546 1723 Der Richter prunkt auf hohem Pfühl,
1430 1679 3607 1911 Indeſſen wogt, in grimmigem Schwalle,
1457 1867 3433 2068 Des Aufruhrs wachſendes Gewühl.
1430 2041 3744 2232 Der darf auf Schand und Frevel pochen,
1430 2205 3399 2406 Der auf Mitſchuldigſte ſich ſtützt,
1447 2372 3713 2597 Und: Schuldig! hörſt du ausgeſprochen
1481 2539 3577 2751 Wo Unſchuld nur ſich ſelber ſchützt.
1437 2717 3471 2921 So will ſich alle Welt zerſtückeln,
1433 2891 3198 3078 Vernichtigen was ſich gebührt;
1454 3027 3686 3239 Wie ſoll ſich da der Sinn entwickeln
1416 3211 3467 3403 Der einzig uns zum Rechten führt.
1409 3382 3338 3577 Zuletzt ein wohlgeſinnter Mann
1464 3525 3758 3720 Neigt ſich dem Schmeichler, dem Beſtecher.
1474 3703 3529 3874 Ein Richter der nicht ſtrafen kann
1484 3860 3556 4044 Geſellt ſich endlich zum Verbrecher.
1491 4020 3512 4198 Ich malte ſchwarz doch dichtern Flor
1419 4184 3283 4369 Zög’ ich dem Bilde lieber vor.
2744 4328 3355 4560 /: Pauſe :/
1594 4594 3495 4792 Entſchlüſſe ſind nicht zu vermeiden,
1440 4761 3324 4908 Wenn alle ſchädigen, alle leiden
1426 4881 3467 5109 Geht ſelbſt die Majeſtät zu Raub.
3106 5055 3805 5236 Heermeiſter.
3341 5212 3891 5345 Wie tobt’s
3409 5331 3747 5505 fol 6.
