4096 6144
1355 945 1809 1105 Kaiſer.
907 1136 2983 1334 Nur eilig! du entſchlüpfſt nicht wieder,
911 1334 2501 1515 Erprobedeine Lügenſchäume,
928 1474 2959 1675 Ich lege Schwerdt und Scepter nieder
952 1628 2908 1822 Und zeig’ uns gleich die edlen Räume.
887 1771 2914 1969 Ich lege Schwerdt und Scepter nieder,
935 1938 2897 2109 Und will mit eignen hohen Händen,
931 2095 3126 2273 Wenn du nicht lügſt, das Werk vollenden,
907 2252 2976 2478 Dich, wenn du lügſt, zur Hölle ſenden!
1437 2495 1969 2693 Mephiſto.
942 2682 3211 2877 Den Weg dahin wüßt’ allenfalls zu finden. –
918 2870 2874 3058 Doch kann ich nicht genug verkünden
938 3013 2897 3218 Was überall beſitzlos harrend liegt.
925 3177 2839 3379 Der Bauer der die Furche pflügt
955 3341 2976 3549 Hebt einen Goldtopf mit der Scholle,
2587 3444 3092 3580 menwand
938 3536 2969 3734 Salpeter hofft er von der Leinewand
942 3696 2816 3911 Und findet golden=goldne Rolle,
945 3857 3293 4102 Erſchreckt, erfreut in kümmerlicher Hand.
952 4061 3000 4287 Was für Gewölbe ſind zu ſprengen,
925 4266 3116 4450 In welchen Klüften, welchen Gängen
921 4440 2973 4635 Muß ſich der Schatzbewußte drängen,
901 4614 2959 4788 Zur Nachbarſchaft der Unterwelt!
935 4785 3048 4935 In weiten, altverwahrten Kellern,
931 4932 3150 5113 Von goldnen Humpen, Schüſſeln, Tellern
938 5096 2850 5290 Sieht er ſich Reihen aufgeſtellt.
3153 740 3300 873 15
