4096 6144
1617 931 3205 1109 Sprühend, wüthen gleiche Mächte,
1648 1095 3106 1245 Wild in doppeltem Gefechte,
1638 1201 3198 1392 Herrlichers iſt nichts erſonnen
1648 1358 3218 1529 Uns iſt dieſe Schlacht gewon̄en.
1989 1495 3918 1703 Kaiſer: /: an der linken Seite zu Fauſt :/
1652 1699 3481 1870 Schau! Mir ſcheint es dort bedenklich,
1658 1846 3328 2044 Unſer Poſten ſteht verfänglich.
1655 2027 3215 2184 Keine Steine ſeh ich fliegen,
1658 2174 3269 2338 Niedre Felſen ſind erſtiegen,
1641 2324 3246 2491 Obre ſtehen ſchon verlaſſen.
1662 2443 3587 2648 Jetzt! – Der Feind, zu ganzen Maſſen
1665 2641 3276 2785 Immer näher angedrungen,
1638 2764 3573 2974 Hat auch ſchon den Paß errungen.
1938 2717 2447 2846 vielleicht
1621 2928 3539 3099 Schlußerfolg unheiligen Strebens!
1624 3085 3307 3252 Eure Künſte ſind vergebens.
2082 3266 2583 3447 Mephiſt.
1488 3444 3444 3577 Da kom̄en meine beiden Raben,
1467 3580 3785 3764 Was mögen die für Botſchaft haben?
1515 3722 3476 3957 Ich fürchte gar es geht uns ſchlecht.
2037 3891 2503 4121 Kaiſer.
1530 4044 3558 4254 Was ſollen dieſe leidigen Vögel?
1515 4249 3495 4416 Sie richten ihre ſchwarzen Segel,
1541 4372 3578 4613 Hierher vom heißen Felsgefecht.
2020 4594 3621 4795 Mephiſt. /: zu den Raben :/
1495 4761 3691 4992 Setzt euch ganz nah zu meinen Ohren.
1505 4915 3624 5166 Wen ihr beſchützt iſt nicht verloren,
1501 5133 3519 5362 Denn euer Rath iſt folgerecht.
