4096 6144
1505 955 3386 1136 Uns gehts in allen Dingen ſchlecht.
1402 1102 3461 1297 Herköm̄liche Gewohnheit, altes Recht,
1406 1252 3713 1430 Man kann auf gar nichts mehr vertrauen.
1402 1389 3764 1576 Sonſt mit dem letzten Athem fuhr ſie aus,
1356 1510 3942 1740 Ich paßt ihr auf und, wie die ſchnellſte Maus,
1416 1665 3973 1884 Schnapps! hielt ich ſie in feſt verſchloßnen Klauen.
1389 1829 3887 2007 Nun zaudert ſie und will den düſtern Ort,
1413 1972 3962 2167 Des ſchlechten Leichnams eckles Haus nicht laſſen;
1406 2136 3150 2304 Die Elemente die ſich haſſen,
1402 2266 3727 2447 Die treiben ſie am Ende ſchmählich fort.
1368 2406 3904 2587 Und wenn ich Tag und Stunden mich zerplage
1408 2539 3927 2759 Wann? wie? und wo? das iſt die leidige Frage,
1399 2720 3867 2891 Der alte Todt verlor die raſche Kraft,
1406 2850 3689 3031 Das Ob? sogar iſt lange zweifelhaft;
1399 2973 3956 3201 Oft ſah ich lüſtern auf die ſtarren Glieder;
3246 3077 3471 3194 das
1413 3097 3973 3346 Es war nur Schein, das rührte, und regte ſich
1655 3246 3952 3464 /: Phantaſtiſch=flügelmänniſche Beſchwörungs„
3251 3343 3896 3496 Gebärden :/
1696 3426 3969 3635 Nur friſch heran! verdoppelt euren Schritt,
1336 3563 3957 3809 Ihr Herren vom graden, Herrn vom krum̄en Horne,
1430 3758 3515 3945 Vom altem Teufelsſchrot und Korne
1372 3901 3671 4126 Bringt ihr zugleich den Höllenrachen mit.
1358 4082 3751 4287 Zwar hat die Hölle Rachen viele! viele!
1413 4229 3952 4444 Nach Standsgebühr und Würden ſchlingt ſie ein;
1392 4413 3956 4601 Doch wird man auch bey dieſem letzten Spiele
1315 4551 3609 4830 Ins künftige nicht ſo bedenklich ſeyn.
1611 4696 3956 4850 /: Der gräuliche Höllenrachen thut ſich lincks auf :/
1689 4805 3945 4973 Eckzähne klaffen; dem Gewölb des Schlundes
1437 4935 3471 5089 Entquillt der Feuerſtrom in Wuth,
1474 5065 3918 5246 Und in dem Siedequalm des Hintergrundes
1477 5218 3693 5434 Seh ich die Flam̄enſtadt in ewiger Glut.
