4096 6144
938 778 2761 955 Felsbuchten des Aegäiſchen Meers.
1105 955 2696 1136 Mond im Zenith verharrend:
1273 1143 3239 1338 Sirenen / auf den Klippen umher
1832 1300 3225 1501 gelagert, flötend u. ſingend :/
791 1447 2645 1641 Haben ſonſt bey nächtigem Grauen
768 1594 2631 1788 Dich theſſaliſche Zauberfrauen
750 1737 2484 1914 Frevelhaft herabgezogen,
798 1860 2525 2061 Blicke ruhig von dem Bogen
791 2020 2699 2191 Deiner Nacht auf Zitterwogen
808 2170 2781 2344 Mildeblitzend Glanzgewimmel,
788 2304 2682 2474 Und erleuchte das Getümmel
791 2450 2641 2652 Das ſich aus den Wogen hebt.
798 2621 2611 2795 Dir zu jedem Dienſt erbötig,
822 2757 2679 2976 Schöne Luna, ſey uns gnädig!
1167 2918 3246 3153 Nereiden u. Tritonen. /: als Meerwun„
849 3153 2788 3331 Tönet laut in ſchärfern Tönen,
2964 3041 3215 3235 der :/
815 3331 3013 3485 Die das breite Meer durchdröhnen,
824 3466 2887 3696 Volk der Tiefe ruft fortan!
757 3624 3174 3901 Vor des Sturmes grauſen Schlünden
819 3840 3065 4065 Weichen wir zu ſtillſten Gründen,
843 4034 2901 4256 Holder Sang zieht uns heran.
1047 4304 3167 4509 Seht! Wie wir im Hochentzücken
812 4488 3164 4700 Uns mit goldenen Ketten ſchmücken,
829 4672 2918 4867 Auch zu Kron’ und Edelſteinen,
839 4857 3119 5082 Spang= und Gürtelſchmuck vereinen.
