4096 6144
1884 791 3584 972 Ach wie gern in jeder Richtung,
1884 938 3437 1129 Flöh ich zu der Welt hinaus.
1877 1064 3696 1249 Doch von drüben droht Vernichtung
1925 1177 3747 1440 Hält mich zwiſchen Dunſt und Graus.
2300 1563 2877 1785 Hoffnung.
1870 1781 3802 1986 Seyd gegrüßt ihr lieben Schweſtern,
1887 1972 3870 2181 Habt ihr euch ſchon heut und geſtern
1884 2157 3522 2355 In Vermumungen gefallen,
1897 2348 3621 2519 Weis ich doch gewiß von allen
1880 2536 3744 2696 Morgen wollt ihr euch enthüllen.
1887 2706 3744 2877 Und wenn wir bey Fackelſcheine
1873 2860 3508 3037 Uns nicht ſonderlich behagen
1890 3034 3618 3188 Werden wir in heitern Tagen,
1856 3211 3734 3386 Ganz nach unſerm eignen Willen,
1877 3392 3471 3563 Bald geſellig, bald alleine
1850 3546 3870 3713 Frey durch ſchöne Fluren wandeln,
1870 3703 3758 3874 Nach Belieben ruhn und handeln
1873 3880 3662 4068 Und in ſorgenfreyem Leben,
1873 4058 3785 4239 Nie entbehren, ſtets erſtreben,
1880 4249 3672 4410 Ueberall willkommne Gäſte
1877 4427 3560 4584 Treten wir getroſt hinein.
1873 4563 3563 4741 Sicherlich es muß das Beſte
1894 4724 3481 4942 Irgendwo zu finden ſeyn.
