4096 6144
2184 573 2757 744 Doriden.
1744 764 3543 952 Lobſt du Vater unſer Walten,
1774 928 3563 1126 Gönnſt uns wohl erworbene Luſt,
1778 1088 3536 1290 Laß uns feſt, unſterblich halten
1805 1259 3399 1460 Sie an ewiger Jugendbruſt.
2078 1495 2577 1611 Nereus.
1484 1648 3546 1836 Mög’t euch des ſchönen Fanges freuen,
1471 1819 3539 2007 Den Jüngling bildet euch als Mann;
1454 2003 3355 2160 Allein ich könnte nicht verleihen
1495 2157 3471 2334 Was Zeus allein gewähren kann.
1460 2331 3648 2512 Die Welle, die euch wogt und ſchaukelt,
1481 2508 3532 2679 Läßt auch der Liebe nicht Beſtand,
1495 2682 3529 2870 Und hat die Neigung ausgegaukelt
1488 2863 3269 3048 So ſetzt gemächlich ſie ans Land.
2078 3085 2611 3201 Doriden.
1682 3235 3481 3413 Ihr holde Knaben ſeyd uns werth,
1655 3396 3491 3556 Doch müſſen wir traurig ſcheiden;
1699 3553 3536 3723 Wir haben ewige Treue begehrt,
1686 3696 3532 3894 Die Götter wollens nicht leiden.
2054 3863 2935 4075 Die Jünglinge.
1662 4078 3642 4253 Wenn ihr uns nur ſo ferner labt,
1662 4266 3566 4433 Uns wackre Schiffer„Knaben;
1669 4447 3597 4648 Wir haben’s nie ſo gut gehabt
1675 4635 3563 4812 Und wollen’s nicht beſſer haben.
2075 4833 3860 5051 Galatee. /: auf dem Muſchel„
2635 5048 3836 5232 wagen nähert ſich :/
