4096 6144
1464 931 1899 1162 Phorkyas
740 1218 3242 1413 Alt iſt das Wort, doch bleibet hoch und wahr der Sinn;
754 1365 3256 1583 Daß Scham und Schönheit nie zuſammen, Hand in Hand,
747 1532 3123 1706 Den Weg verfolgen über der Erde grünen Pfad.
774 1696 2911 1880 Tief eingewurzelt wohnt in beyden alter Haß,
754 1839 2962 2024 Daß wo ſie immer irgend auch des Weges ſich
768 1983 3102 2157 Begegnen, jede der Gegnerin den Rücken kehrt.
764 2150 2966 2297 Dann eilet jede wieder heftiger, weiter fort,
788 2286 3218 2457 Die Scham betrübt, die Schönheit aber frech geſinnt,
768 2433 3188 2631 Bis ſie zuletzt des Orkus hohle Nacht umfängt,
771 2614 3147 2775 Wenn nicht das Alter ſie vorher gebändigt hat.
757 2757 3150 2942 Euch find ich nun, ihr frechen, aus der Fremde her,
771 2925 2969 3095 Mit Uebermuth ergoſſen, gleich der Kraniche
757 3089 3201 3273 Laut„heiſer klingendem Zug, der über unſer Haupt,
768 3256 3068 3433 In langer Wolke, krächzend ſein Getön herab
774 3423 3235 3601 Schickt, das den ſtillen Wandrer über ſich hinauf
764 3570 3215 3781 Zu blicken lockt; doch ziehn ſie ihren Weg dahin,
788 3761 3188 3962 Er geht den ſeinen, alſo wirds mit uns geſchehn.
846 4017 3348 4215 Wer ſeyd denn ihr? daß ihr des Königes Hochpalaſt
832 4201 3307 4358 Mänadiſch wild, Betrunknen gleich umtoben dürft?
870 4345 3351 4539 Wer ſeyd ihr denn, daß ihr des Hauſes Schaffnerin
829 4522 3334 4744 Entgegen heulet, wie dem Mond der Hunde Schaar
3189 588 3328 716 106
3281 614 3358 732 15
