4096 6144
2037 931 2495 1099 Helena.
1437 1116 3706 1300 Iſt Einer Herr? ſind’s Räuber viel, Verbündete?
2112 1280 2467 1488 Phork.
1454 1447 3730 1624 Nicht Räuber ſind es, Einer aber iſt der Herr.
1437 1607 3840 1795 Ich ſchelt’ ihn nicht und wenn er ſchon mich heimgeſucht.
1402 1751 3768 1911 Wohl konnt’ er alles nehmen, doch begnügt er ſich
1447 1911 3829 2102 Mit wenigen Freygeſchenken, nannt er’s, nicht Tribut.
1464 2206 2452 2411 Wie ſieht er aus?
2112 2075 2498 2269 Helena.
2106 2355 2467 2560 Phork:
2184 2519 3700 2696 Nicht übel! mir gefällt er ſchon.
1457 2665 3536 2826 Es iſt ein munterer, kecker, wohlgebildeter,
1351 2829 3812 3003 ein verſtändger Mann, Wie unter Griechen wenig ſind.
1467 2983 3693 3150 Man ſchilt das Volk Barbaren, doch ich dächte nicht
1418 3133 3527 3317 Daß grauſam einer wäre, wie vor Ilios
1464 3251 3722 3481 Gar mancher Held ſich menſchenfreſſeriſch erwies.
1443 3440 3783 3655 Ich acht’ auf ſeine Großheit, Ihm vertraut ich mich.
1428 3599 3706 3819 Und ſeine Burg! die ſolltet ihr mit Augen ſehn,
1438 3773 3814 4003 Das iſt was anderes gegen plumpes Mauerwerk
1433 3942 3696 4167 Das eure Väter, mir nichts dir nichts, aufgewälzt,
1464 4106 3573 4362 Cyklopiſch wie Cyklopen, rohen Stein ſogleich
1471 4307 3696 4536 Auf rohe Steine ſtürtzend; dort hingegen, dort
