4096 6144
1344 983 3560 1167 Von oft betretner, langerſehnter Schwelle mich,
1368 1140 3669 1314 Entlaßnem Gaſte gleich, entfernend ſcheiden mag.
1375 1317 3686 1488 Doch nein! gewichen bin ich her an’s Licht, und ſollt
1396 1467 3764 1645 Ihr weiter nicht mich treiben, Mächte, wer ihr ſeyd.
1385 1634 3631 1812 Auf Weihe will ich ſinnen, dann gereinigt mag
1416 1788 3833 2010 Des Heerdes Gluth die Frau begrüßen wie den Herrn.
1879 1940 2534 2191 Chorführerin
1454 2205 3522 2344 Entdecke deinen Dienerinnen, edle Frau,
1418 2344 3681 2595 Die dir verehrend beyſtehn, was begegnet iſt.
1920 2529 2375 2785 Helena.
1481 2768 3771 2935 Was ich geſehen ſollt ihr ſelbſt mit Augen ſehn,
1460 2945 3679 3085 Wenn ihr Gebilde nicht die alte Nacht ſogleich
1457 3092 3771 3263 Zurückgeſchlungen, in ihrer Tiefe Wunderſchoos.
1437 3266 3775 3440 Doch daß ihrs wiſſet, ſag’ ichs euch mit Worten an:
1433 3440 3824 3645 Als ich des Königs„Hauſes ernſten Binnenraum,
1464 3599 3814 3840 Der nächſten Pflicht gedenkend, feyerlich betrat,
1454 3778 3840 4034 Erſtaunt’ ich ob der öden Gänge Schweigſamkeit.
1474 3978 3788 4224 Nicht Schall der emſig wandelenden begegnete
1464 4183 3829 4444 Dem Ohr, nicht raſchgeſchäftiges Eiligthun dem Blick,
