4096 6144
1426 822 1884 986 Kaiſer.
750 983 2938 1157 Und meinen Leuten gilts für gutes Gold?
757 1136 3225 1286 Dem Heer, dem Hofe gnügts zu vollem Sold?
761 1266 3065 1443 So ſehr michs wundert muß ichs gelten laſſen.
1416 1450 2174 1621 Schatzmeiſter.
768 1573 3041 1723 Unmöglich wär’s die Flüchtigen einzufaſſen;
791 1713 3037 1870 Mit Blitzeswink zerſtreute ſichs im Lauf.
778 1829 3020 2017 Die Wechsler=Bänke ſtehen ſperrig auf,
798 1986 3024 2136 Man honorirt daſelbſt ein jedes Blatt
781 2126 3037 2280 Durch Gold und Silber, freylich mit Rabat.
802 2280 3399 2440 Nun gehts von da zum Fleiſcher, Bäcker, Schenken;
771 2413 3379 2577 Die halbe Welt ſcheint nur an Schmaus zu denken,
819 2563 3130 2720 Wenn ſich die andre neu in Kleidern bläht.
781 2730 3328 2887 Der Krämer ſchneidet aus, der Schneider näht.
791 2877 3372 3054 Bey: “hoch dem Kaiſer!„ ſprudelts in den Kellern,
802 3031 3334 3198 Dort kochts und bräts und klappert mit den Tellern.
1484 3198 2317 3379 Mephiſtofeles
832 3341 3024 3505 Wer die Terraſſen einſam abſpaziert
819 3491 3170 3662 Gewahrt die Schönſte, herrlich aufgeziert.
2007 3589 2206 3722 vom
808 3630 3184 3834 Ein Aug’ verdeckt der ſtolzen Pfauenwedel,
826 3799 3362 3949 Sie ſchmunzelt uns und blickt nach ſolcher Schedel;
826 3921 3283 4102 Und hurt’ger als durch Witz und Redekunſt
805 4092 3024 4273 Vermittelt ſich die reichſte Liebesgunſt.
819 4246 3351 4423 Man wird ſich nicht mit Börſ’ und Beutel plagen,
826 4399 3242 4580 Ein Blättchen iſt im Buſen leicht zu tragen,
829 4543 3300 4720 Mit Liebesbrieflein paarts bequem ſich hier. –
795 4676 3153 4870 Der Prieſter trägts andächtig im Brevier,
829 4819 3150 4993 Und der Soldat, um raſcher ſich zu wenden,
826 4942 3143 5137 Erleichtert ſchnell den Gürtel ſeiner Lenden.
791 5109 3041 5273 Die Majeſtät verzeihe wenn ins Kleine
826 5232 2976 5430 Das hohe Werk ich zu erniedern ſcheine.
