4096 6144
1187 877 2519 1075 Dame /: herandringend :/
576 1082 3130 1269 Laßt mich hindurch! zu groß ſind meine Schmerzen,
590 1245 3058 1413 Sie wühlen ſiedend mir im tiefſten Herzen.
590 1399 3119 1583 Bis geſtern ſucht Er Heil in meinen Blicken,
604 1546 3184 1751 Er ſchwatzt mit ihr und wendet mir den Rücken.
1326 1751 1704 1950 Meph.
600 1942 2594 2106 Bedenklich iſt es, aber höre mich.
597 2102 2976 2259 An ihn heran mußt du dich leiſe drücken,
631 2269 3051 2430 Nimm dieſe Kohle, ſtreich ihm einen Strich,
597 2413 3054 2583 Auf Ermel, Mantel, Schulter wie ſichs macht;
628 2573 2918 2740 Er fühlt im Herzen holden Reueſtich.
614 2737 3266 2918 Die Kohle doch mußt du ſogleich verſchlingen,
628 2897 3188 3072 Nicht Wein, nicht Waſſer an die Lippen bringen;
2170 3015 2370 3123 noch
638 3065 3085 3266 Er ſeufzt vor deiner Thür’e heute Nacht.
1307 3222 1689 3379 Dame.
621 3392 1846 3614 Iſt doch kein Gift?
1344 3604 2577 3785 Meph. /: entrüſtet :/
587 3932 3126 4126 Weit müßtet ihr nach ſolcher Kohle laufen;
1402 3781 2976 3969 Reſpect wo ſichs gebührt!
573 4109 3061 4273 Sie kommt von einem Scheiterhaufen
604 4259 2631 4454 Den wir ſonſt emſiger angeſchürt.
1419 4444 1699 4696 Page
599 4628 3097 4843 Ich bin verliebt, man hält mich nicht für
2286 4823 2645 4939 voll.
1307 4932 2471 5174 Meph. (bey Seite)
665 5140 3102 5376 Ich weiß nicht mehr wohin ich hören ſoll.
