4096 6144
2007 826 2413 1003 Fauſt.
1443 965 3536 1146 Was ſeh ich dort was Waffen trägt?
1477 1119 3553 1310 Haſt du das Bergvolk aufgeregt?
2058 1300 2519 1467 Mephiſt.
1481 1413 3761 1614 Nein! aber, gleich Herrn Peter Squenz,
1474 1570 3450 1771 Vom ganzen Praſſ die Quinteſſenz.
2024 1761 3942 1966 Die drey Gewaltigen /: treten auf :/
3112 1931 3764 2071 Sam. II. 23. 8.
2140 2030 2597 2205 Mephiſt.
1495 2157 3229 2324 Da kommen meine Burſche ja!
1474 2304 3785 2508 Du ſiehſt, von ſehr verſchiedenen Jahren,
1518 2474 3901 2662 Verſchiedenen Kleid und Rüſtung ſind ſie da,
1498 2648 3809 2822 Du wirſt nicht ſchlecht mit ihnen fahren.
2075 2812 3150 2993 /: Ad Spectatores :/
1529 2966 3529 3167 Es liebt ſich jetzt ein jedes Kind
1488 3133 3778 3338 Den Harniſch und den Ritterkragen;
1515 3304 3682 3498 Und, allegoriſch wie die Lumpe ſind,
1501 3464 3775 3665 So werden Sie nur deſto mehr behagen.
2027 3669 3956 3822 Raufebold. /: jung, leicht bewaffnet,
2829 3781 3706 3983 bunt gekleidet :/
1628 3956 3355 4119 Wenn einer mir ins Auge ſieht
1631 4119 3966 4304 Werd ich ihm mit der Fauſt gleich in die Freſſe fahren,
1604 4276 3515 4440 Und eine Memme wenn ſie flieht
1652 4437 3594 4618 Faß ich bey ihren letzten Haaren.
2085 4608 3959 4782 Habebald. /: männlich, wohl bewaff„
2785 4724 3894 4891 net, reich gekleidet :/
1607 4836 3450 5003 So leere Händel das ſind Poſſen,
1583 4986 3481 5137 Damit verdirbt man ſeinen Tag;
1641 5120 3758 5287 Im Nehmen sey nur unverdroſſen,
1611 5246 3686 5451 Nach allem andern frag hernach.
