4096 6144
1269 948 2252 1181 Helena. /: zu Fauſt :/
849 1174 2740 1375 Ich wünſche dich zu ſprechen, doch herauf
863 1327 2713 1512 An meine Seite komm! der leere Platz
860 1501 2942 1696 Beruft den Herrn und ſichert mir den meinen.
1358 1682 1662 1860 Fauſt
884 1843 2740 2041 Erſt knieend laß die treue Widmung dir
894 2020 2717 2218 Gefallen, hohe Frau; die Hand die mich
877 2184 2802 2362 An deine Seite hebt laß mich ſie küſſen.
863 2334 2686 2512 Beſtärke mich als Mitregenten deines
884 2505 2600 2669 Gränzunbewußten Reichs, gewinne dir
887 2645 2778 2833 Verehrer, Diener, Wächter all’ in Einem.
1324 2822 1720 2949 Helena.
884 2969 2467 3147 Vielfache Wunder ſeh’ ich, hör’ ich an,
877 3123 2819 3307 Erſtaunen trifft mich, fragen möcht’ ich viel.
884 3300 2856 3450 Doch wünſcht’ ich Unterricht, warum die Rede
863 3433 3280 3642 Des Mann’s mir ſeltſam klang, ſeltſam und freundlich.
887 3584 3020 3744 Ein Ton ſcheint ſich dem andern zu bequemen,
873 3734 2829 3901 Und hat ein Wort zum Ohre ſich geſellt,
870 3874 2833 4061 Ein andres kom̄t, dem erſten liebzukoſen.
1334 4034 1597 4167 Fauſt.
877 4150 3133 4334 Gefällt dir ſchon die Sprechart unſrer Völker
853 4321 2682 4478 O ſo gewiß entzückt auch der Geſang,
853 4474 2928 4628 Befriedigt Ohr und Sinn im tiefſten Grunde.
843 4611 2713 4775 Doch iſt am ſicherſten wir übens gleich,
853 4758 2792 4952 Die Wechſelrede lockt es, ruft’s hervor.
3164 573 3287 696 124
3153 645 3240 839 51
