4096 6144
2170 948 2532 1153 Fauſt.
1614 1140 3341 1320 Ich wache ja! O laßt ſie walten
1590 1314 3372 1495 Die unvergleichlichen Geſtalten
1614 1457 3522 1672 Wie ſie dorthin mein Auge ſchickt.
1590 1634 3665 1826 So wunderbar bin ich durchdrungen
1587 1829 3754 2007 Sind’s Träume? Sind’s Erinnerungen?
1590 1996 3631 2191 Schon einmal warſt du ſo beglückt.
1624 2191 3669 2382 Gewäſſer ſchleichen durch die Friſche
1587 2365 3713 2539 Der dichten, ſanft bewegten Büſche,
1600 2542 3747 2723 Nicht rauſchen ſie, ſie rieſeln kaum;
1559 2717 3672 2897 Von allen Seiten hundert Quellen
1559 2891 3491 3078 Vereinen ſich, im reinlich hellen,
1573 3065 3764 3259 Zum Bade flach vertieften Raum.
1621 3242 3454 3423 Geſunde junge Frauenglieder,
1563 3420 3822 3631 Vom feuchten Spiegel doppelt wieder
1590 3611 3355 3802 Ergötztem Auge zugebracht!
1604 3788 3624 3979 Geſellig dann und fröhlich badend,
1597 3962 3938 4147 Erdreiſtet ſchwimmend, furchtſam watend;
1597 4160 3747 4355 Geſchrey zuletzt und Waſſerſchlacht.
1607 4355 3478 4536 Begnügen ſollt’ ich mich an dieſen,
1594 4526 3560 4713 Mein Auge ſollte hier genießen,
1576 4703 3771 4867 Doch immer weiter ſtrebt mein Sinn.
1553 4874 3949 5068 Der Blick dringt ſcharf nach jener Hülle,
1559 5058 3669 5229 Das reiche Laub der grünen Fülle
1553 5218 3440 5416 Verbirgt die hohe Königin.
