4096 6144
1368 890 1781 1112 Phorkyas
1536 1085 3290 1249 /: Nimmt Euphorions Kleid Mantel
1699 1203 3164 1377 und Lyra von der Erde, tritt
1716 1372 3252 1553 ins Proſcenium, hebt die Exuvien
1704 1515 2913 1740 in die Höhe und ſpricht :/
1020 1716 2501 1853 Noch immer glücklich aufgefunden!
1018 1838 2775 2048 Die Flamme freylich iſt verſchwunden,
1013 2000 2829 2157 Doch iſt mir um die Welt nicht leid.
1006 2160 2734 2324 Hier bleibt genug Poeten einzuweihen,
1018 2278 2805 2472 Zu ſtiften Gild„ und Handwerksneid;
1020 2440 2955 2577 Und kann ich die Talente nicht verleihen,
1030 2587 2628 2768 Verborg ich wenigſtens das Kleid.
1744 2713 3160 2887 /: ſie ſetzt ſich im Proſcenium
1730 2867 2863 2996 an eine Säule nieder :/
1320 3044 2747 3287 Chorführerin Panthalis.
839 3297 3200 3527 Nun eilig Mädchen! Sind wir doch den Zauber los,
863 3495 3256 3713 Der alt theſſaliſchen Vettel wüſten Geiſteszwang;
885 3645 3210 3886 So des Geklimpers vielverworrner Töne Rauſch,
890 3833 3283 4065 Das Ohr verwirrend, ſchlimmer noch den innern Sinn.
844 3998 2928 4208 Hinab zum Hades! Eilte doch die Königin
863 4181 3106 4375 Mit ernſtem Gang hinunter. Ihrer Sohle ſey
856 4345 2993 4536 Unmittelbar getreuer Mägde Schritt gefügt.
846 4481 3102 4744 Wir finden ſie am Throne der Unerforſchlichen
