4096 6144
764 587 1556 747 Der Zeiger fällt.
1413 640 1653 788 Meph.
1431 716 2728 890 Er fällt, es iſt vollbracht.
1541 819 1858 957 Chor.
730 945 1597 1136 Es iſt vorbey.
1536 1051 2003 1232 Mephiſt.
1587 1198 3102 1351 Vorbey! ein dummes Wort.
750 1324 1706 1471 Warum vorbey?
737 1438 3148 1628 Vorbey und reines Nicht, vollkomnes Einerley.
774 1590 2911 1754 Was ſoll uns denn das ewge Schaffen,
768 1744 3000 1921 Geſchaffenes zu nichts hinwegzuraffen?
781 1884 3106 2054 Da iſts vorbey! Was iſt daran zu leſen?
798 2034 3058 2208 Es iſt ſo gut als wär es nicht geweſen,
1658 2140 1832 2263 doch
798 2165 3302 2370 Und treibt ſich im Kreis als wenn es wäre.
798 2314 3097 2534 Ich liebte mir dafür das Ewig=Leere.
1529 2529 2280 2703 Grablegung.
1498 2682 2276 2819 Lemur Solo
829 2785 2925 2966 Wer hat das Haus ſo ſchlecht gebaut,
853 2942 2877 3095 Mit Schaufeln und mit Spaten?
1614 3095 2454 3266 Lemuren Chor.
866 3225 3242 3403 Dir dumpfer Gaſt im hänfnen Gewand
887 3372 2573 3560 Iſts viel zu gut gerathen.
1611 3543 2392 3723 Lemur Solo.
877 3676 3177 3870 Wer hat den Saal ſo ſchlecht verſorgt?
880 3836 2686 4010 Wo blieben Tiſch und Stühle?
1628 3979 2560 4157 Lemuren Chor.
928 4119 2809 4283 Es war auf kurze Zeit geborgt;
928 4249 2730 4416 Der Gläubiger ſind ſo viele.
1768 4396 2249 4560 Mephiſt.
744 4536 3382 4717 Der Körper liegt und will der Geiſt entfliehn,
778 4648 3261 4864 Ich zeig ihm raſch den blutgeſchriebnen Titel; –
764 4788 3225 4966 Doch leider hat man jetzt ſo viele Mittel
762 4910 2657 5120 Dem Teufel Seelen zu entziehn.
750 5058 2788 5212 Auf altem Wege ſtößt man an,
774 5181 2877 5352 Auf neuem ſind wir nicht empfohlen;
795 5304 2689 5457 Sonſt hätt ich es allein gethan,
815 5413 3037 5611 Jetzt muß ich Helfershelfer holen.
