4096 6144
1314 795 1587 993 Meph.
675 948 2713 1119 Ich weis nicht mehr wohin ich hören ſoll
1317 1119 1624 1300 Page.
706 1252 2990 1464 Ich bin verliebt, man hält mich nicht für voll.
1310 1402 2549 1612 Meph. / zum Pagen. /
669 1563 2990 1764 Müßt euer Glück nicht auf die jüngſte ſetzen.
665 1744 2993 1921 Die Angejahrten wiſſen euch zu ſchätzen. –
675 1884 3119 2058 Schon wieder Neue! Welch ein harter Strauß!
692 2048 2911 2225 Ich helfe mir zuletzt mit Wahrheit aus;
689 2205 3102 2379 Der ſchlechteſte Behelf! Die Noth iſt groß. –
699 2341 3048 2515 O Mütter, Mütter! Laßt nur Fauſten los!
1409 2501 2478 2672 /: umherſchauend :/
706 2624 2921 2812 Die Lichter brennen trübe ſchon im Saal,
699 2802 2973 2986 Der ganze Hof bewegt ſich auf einmal.
682 2973 2734 3143 Anſtändig ſeh’ ich ſie in Folge ziehn,
716 3136 2816 3300 Durch lange Gänge, ferne Galerien.
747 3283 3037 3437 Nun! ſie verſam̄eln ſich im weiten Raum
727 3420 2969 3607 Des alten Ritterſaals, er faßt ſie kaum.
703 3597 2860 3781 Auf breiten Wände Teppiche ſpendirt,
727 3751 3017 3942 Mit Rüſtung Eck und Niſchen ausgeziert.
737 3901 3136 4085 Hier braucht es, dächt’ ich, keine Zauberworte;
744 4051 3078 4246 Die Geiſter finden ſich von ſelbſt zum Orte.
3087 506 3210 650 46
