4096 6144
1167 819 1631 965 Lamien.
703 996 2426 1170 Verſuch’ es doch! ſind unſrer Viele.
689 1157 2631 1331 Greif zu! Und haſt du Glück im Spiele,
716 1274 2206 1479 Erhaſche dir das beſte Loos.
696 1450 2471 1621 Was ſoll das lüſterne Geleyer?
672 1621 2461 1785 Du biſt ein miſerabler Freyer,
682 1761 2737 1955 Stolzirſt einher und thuſt ſo groß! –
686 1930 2821 2114 Nun miſcht er ſich in unſre Schaaren;
703 2099 2829 2269 Laßt nach und nach die Masken fahren,
703 2259 2655 2426 Und gebt ihm euer Weſen blos.
1320 2478 1672 2638 Meph.
679 2624 2764 2802 Die ſchönſte hab’ ich mir erleſen....
686 2904 2829 3048 O! weh mir! welch ein dürrer Beſen!
1617 2769 2631 2954 /: ſie umfaſſend :/
1331 3153 1500 3266 ....
1587 3065 3054 3229 /: eine andere ergreifend :/
706 3215 2544 3430 Und dieſe? Schmähliches Geſicht!
1297 3420 1805 3560 Lamien.
703 3590 2764 3751 Verdienſt du’s beſſer? dünk’ es nicht.
1355 3799 1706 3969 Meph.
692 3956 2983 4123 Die Kleine möcht’ ich mir verpfänden....
706 4123 3003 4300 Lacerte ſchlüpft mir aus den Händen!
740 4297 2850 4502 Und ſchlangenhaft der glatte Zopf.
720 4485 2949 4669 Dagegegen faß’ ich mir die Lange....
730 4659 2699 4860 Da pack’ ich eine Thyrſusſtange!
730 4850 2648 5014 Den Pinienapfel als den Kopf.
721 5002 2821 5212 Wo will’s hinaus?.... Noch eine Dicke,
709 5184 2727 5352 An der ich mich vielleicht erquicke;
3017 699 3160 822 20
