4096 6144
1351 808 1938 996 Die Parzen
1378 979 1962 1150 Atropos.
1068 1122 2566 1293 Mich die älteſte zum Spinnen
1082 1276 2566 1419 Hat man diesmal eingeladen
1068 1402 2600 1566 Viel zu denken, viel zu ſinnen
1068 1553 2682 1720 Giebts beym zarten Lebensfaden.
1095 1781 2703 1955 Daß er euch gelenk und weich ſey
1099 1935 2846 2109 Wußt ich feinſten Flachs zu ſichten;
1075 2085 3017 2269 Daß er glatt und ſchlank und gleich ſey
1085 2239 2795 2423 Wird der kluge Finger ſchlichten.
1075 2478 2676 2672 Wolltet ihr bey Luſt und Tänzen
1047 2635 2488 2819 Allzu üppig euch erweiſen;
1071 2775 2710 2949 Denkt an dieſes Fadens Gränzen,
1078 2894 2676 3119 Hütet euch! Er möchte reißen!
1488 3078 2010 3259 Klotho.
1071 3314 2645 3495 Wißt, in dieſen letzten Tagen
1075 3485 2781 3642 Ward die Scheere mir vertraut;
1047 3628 2894 3819 Denn man war von dem Betragen
1058 3775 2529 3949 Unſrer Alten nicht erbaut.
1061 4007 2734 4181 Zerrt unnützeſte Geſpinnſte
1092 4150 2614 4314 Lange ſie an Licht und Luft
1102 4290 2747 4471 Hoffnung herrlichſter Gewinnſte
1064 4387 2933 4654 Schleppt ſie ſchneidend zu der Gruft.
1071 4648 2843 4819 Doch auch ich, im Jugend=Walten,
1054 4795 2717 4959 Irrte mich ſchon hundertmal;
1133 4935 2826 5106 Heute mich im Zaum zu halten,
1122 5075 2577 5273 Scheere ſtickt im Futteral.
