4096 6144
2112 498 3409 696 /: zu Plutus gewendet :/
1679 650 3384 849 Haſt du mir nicht die Windesbraut
1686 815 3368 969 Des Viergeſpannes anvertraut?
1675 952 3515 1126 Lenk ich nicht glücklich wie du leiteſt?
1679 1078 3430 1256 Bin ich nicht da wohin du deuteſt?
1686 1211 3799 1392 Und wußt ich nicht auf kühnen Schwingen
1648 1361 3515 1542 Für dich die Palme zu erringen?
1693 1512 3614 1686 Wie oft ich auch für dich gefochten
1689 1672 3222 1788 Mir iſt es jederzeit geglückt
1713 1757 3136 1873 Wenn Lorbeer deine Stirne ſchmückt
1689 1809 3928 1969 Hab ich ihn nicht mit Sinn und Hand geflochten?
2165 1930 2616 2140 Plutus.
1686 2102 3805 2304 Wenns nöthig iſt daß ich dir Zeugniß leiſte,
1672 2252 3819 2478 So ſag ich gern: biſt Geiſt von meinem Geiſte.
1682 2409 3495 2590 Du handelſt ſtets nach meinem Sinn,
1682 2563 3368 2757 Biſt reicher als ich ſelber bin.
1672 2706 3433 2911 Ich ſchätze, deinen Dienſt zu lohnen,
1672 2839 3877 3054 Den grünen Zweig vor allen meinen Kronen
1689 3007 3638 3191 Ein wahres Wort verkünd ich allen:
1696 3157 3758 3351 Mein lieber Sohn an dir hab ich Gefallen.
2157 3331 3785 3519 Knabe Lenker /: zur Menge :/
1890 3508 3461 3686 Die größten Gaben meiner Hand,
1890 3669 3652 3850 Seht! hab’ ich ringsumher geſandt.
1863 3816 3624 4007 Auf dem und jenem Kopfe glüht
1911 3962 3642 4126 Ein Flämmchen das ich angeſprüht,
1904 4099 3604 4266 Von einem zu dem andern hüpft’s,
1887 4235 3665 4433 An dieſem hält ſich’s, dem entſchlüpft’s,
1901 4406 3710 4570 Gar ſelten aber flammts empor
1911 4543 3642 4724 Und leuchtet raſch in kurzem Flor.
1908 4696 3655 4853 Doch vielen, eh mans noch erkannt,
1914 4843 3669 5038 Verliſcht es, traurig ausgebrannt.
