<?xml version="1.0" encoding="UTF-8"  standalone="yes"?>
<PcGts xmlns="http://schema.primaresearch.org/PAGE/gts/pagecontent/2019-07-15" xmlns:xsi="http://www.w3.org/2001/XMLSchema-instance" xsi:schemaLocation="http://schema.primaresearch.org/PAGE/gts/pagecontent/2019-07-15 http://schema.primaresearch.org/PAGE/gts/pagecontent/2019-07-15/pagecontent.xsd">
  <Metadata>
	<Creator>escriptorium</Creator>
	<Created>2023-07-08T12:30:07.353726+00:00</Created>
        <LastChange>2023-07-08T12:30:07.353740+00:00</LastChange>

  </Metadata>
  <Page imageFilename="391098_0258_0.jpg" imageWidth="4096" imageHeight="6144">

    
    <TextRegion id="eSc_textblock_c93f2b39"  custom="structure {type:text;}">
      <Coords points="2348,928 2563,928 2717,1105 3505,1133 3546,1174 3505,1553 3751,1693 3737,1826 3601,1966 3655,2249 3519,2443 3519,3218 3382,3413 3409,3573 3341,4160 3396,4379 3341,4666 3368,4843 3573,4969 3519,5116 3126,5171 3068,5061 2877,5007 1761,4939 1761,3508 1720,3331 1529,3218 1529,1201 1611,1105 2153,1092 2348,928"/>
      
      
      <TextLine id="eSc_line_cc3a73bf" custom="structure {type:default;}">
        <Coords points="2269,1054 2266,1129 2399,1143 2402,1143 2549,1109 2553,1061 2546,942 2443,969 2426,962 2392,945 2389,945 2385,945 2382,945 2379,945 2348,976 2327,989 2269,989 2269,1054"/>
        <Baseline points="2269,1054 2553,1061"/>
        <TextEquiv>
          <Unicode>Fauſt. </Unicode>
        </TextEquiv>
      </TextLine>

      
      
      <TextLine id="eSc_line_f74a22bf" custom="structure {type:default;}">
        <Coords points="1549,1259 1549,1334 1747,1334 1751,1334 1754,1334 1754,1331 1812,1297 1897,1327 1921,1334 1925,1334 1928,1338 2071,1338 2071,1334 2075,1334 2078,1334 2092,1320 2146,1276 2402,1276 2467,1307 2525,1334 2529,1334 2532,1338 2604,1338 2604,1334 2607,1334 2669,1300 2717,1273 2901,1293 2928,1293 2932,1293 2935,1293 2945,1290 2996,1273 3089,1286 3150,1293 3153,1293 3157,1293 3160,1293 3170,1283 3181,1276 3208,1280 3225,1283 3269,1327 3269,1331 3273,1331 3276,1331 3280,1334 3362,1334 3362,1331 3365,1331 3368,1331 3450,1273 3454,1273 3498,1273 3502,1252 3491,1136 3413,1181 3372,1140 3368,1140 3368,1136 3365,1136 3362,1136 3358,1136 3355,1136 3351,1136 3348,1140 3290,1191 3170,1191 3116,1150 3112,1150 3109,1150 3106,1150 3102,1150 3099,1150 3054,1191 2850,1191 2812,1157 2809,1153 2805,1153 2802,1153 2699,1133 2696,1133 2570,1136 2566,1136 2563,1136 2519,1167 2515,1167 2450,1136 2447,1136 2443,1136 2440,1136 2437,1136 2382,1170 2372,1177 2362,1170 2314,1146 2310,1146 2307,1146 2194,1157 2136,1140 2133,1140 2129,1140 2126,1140 2054,1181 2030,1194 1911,1194 1897,1184 1829,1150 1826,1150 1696,1136 1693,1136 1689,1136 1686,1136 1607,1194 1546,1194 1549,1259"/>
        <Baseline points="1549,1259 2488,1242 3502,1252"/>
        <TextEquiv>
          <Unicode>Entferne ſchnell die kühn erworbne Laſt, </Unicode>
        </TextEquiv>
      </TextLine>

      
      
      <TextLine id="eSc_line_f3bc34e1" custom="structure {type:default;}">
        <Coords points="1570,1419 1566,1471 1846,1457 1863,1471 1870,1477 1873,1477 1877,1477 1880,1481 1989,1481 1989,1477 1993,1477 1996,1477 1996,1474 2007,1467 2027,1443 2099,1437 2133,1464 2136,1467 2140,1467 2143,1467 2146,1467 2167,1464 2263,1443 2621,1443 2645,1454 2658,1460 2662,1460 2665,1460 2720,1454 2785,1443 2805,1450 2877,1484 2880,1484 2884,1484 3092,1447 3153,1467 3157,1467 3160,1467 3293,1440 3297,1430 3293,1348 3099,1331 3095,1331 3092,1331 3089,1331 3065,1348 3051,1355 3037,1348 3003,1331 3000,1331 2996,1331 2993,1331 2990,1331 2966,1348 2925,1372 2764,1372 2740,1348 2720,1331 2720,1327 2717,1327 2713,1327 2669,1327 2665,1327 2662,1327 2611,1348 2570,1365 2556,1348 2536,1331 2536,1327 2532,1327 2529,1327 2379,1327 2375,1327 2372,1327 2334,1348 2327,1351 2321,1348 2273,1327 2269,1327 2266,1327 2263,1327 2218,1348 2181,1365 2129,1348 2054,1324 2051,1324 2048,1324 2044,1324 2041,1324 2010,1348 1989,1365 1737,1365 1723,1351 1699,1327 1699,1324 1696,1324 1693,1324 1652,1324 1648,1324 1645,1324 1641,1324 1641,1327 1614,1351 1604,1358 1570,1351 1570,1419"/>
        <Baseline points="1570,1419 3297,1430"/>
        <TextEquiv>
          <Unicode>Zwar nicht getadelt aber unbelohnt.</Unicode>
        </TextEquiv>
      </TextLine>

      
      
      <TextLine id="eSc_line_043d3ee5" custom="structure {type:default;}">
        <Coords points="1573,1594 1576,1624 1641,1604 1665,1624 1675,1634 1679,1634 1682,1634 1686,1634 1740,1621 1846,1597 1890,1621 1928,1638 1931,1638 1935,1641 2099,1641 2099,1638 2102,1638 2106,1638 2140,1614 2170,1597 2317,1611 2351,1614 2355,1614 2379,1611 2457,1597 2484,1607 2553,1638 2556,1638 2560,1638 2658,1624 2662,1624 2665,1624 2665,1621 2686,1604 2693,1597 2706,1604 2754,1628 2757,1628 2761,1628 2901,1600 2932,1597 2955,1600 3157,1634 3160,1634 3164,1634 3249,1614 3317,1638 3321,1638 3324,1638 3328,1638 3331,1638 3386,1594 3386,1583 3382,1522 3321,1471 3317,1471 3314,1471 3225,1471 3222,1471 3218,1471 3215,1471 3215,1474 3157,1525 3075,1525 3051,1501 3048,1501 3044,1501 3041,1501 3037,1501 3000,1518 2959,1481 2955,1481 2952,1481 2949,1481 2945,1481 2942,1481 2880,1525 2546,1525 2447,1471 2443,1471 2365,1471 2362,1471 2358,1471 2355,1471 2355,1474 2300,1522 2208,1471 2205,1471 1996,1471 1993,1471 1989,1471 1986,1471 1986,1474 1938,1518 1894,1495 1890,1495 1887,1495 1884,1495 1822,1522 1761,1477 1757,1477 1754,1477 1662,1471 1658,1471 1655,1471 1652,1471 1570,1518 1573,1594"/>
        <Baseline points="1573,1594 1993,1580 3386,1583"/>
        <TextEquiv>
          <Unicode>Schon iſt Ihr alles eigen was die Burg</Unicode>
        </TextEquiv>
      </TextLine>

      
      
      <TextLine id="eSc_line_9ad9b237" custom="structure {type:default;}">
        <Coords points="3723,1679 3532,1679 3529,1675 3481,1652 3478,1652 3474,1652 3471,1652 3467,1652 3433,1675 3430,1675 3426,1675 3338,1631 3334,1631 3130,1631 3126,1631 3123,1631 3119,1631 3119,1634 3089,1665 3051,1652 3048,1652 3044,1652 3041,1652 3037,1652 3037,1655 3020,1669 3020,1672 3013,1669 2918,1628 2914,1628 2686,1628 2682,1628 2679,1628 2676,1628 2638,1655 2553,1641 2549,1641 2546,1641 2542,1641 2512,1665 2498,1675 2406,1675 2392,1662 2368,1641 2365,1641 2362,1641 2358,1641 2355,1641 2314,1662 2293,1675 2133,1675 2116,1658 2099,1645 2095,1645 2092,1645 2088,1645 2085,1645 2037,1658 2007,1669 1993,1658 1952,1624 1949,1624 1945,1624 1890,1624 1887,1624 1884,1624 1880,1624 1843,1655 1733,1624 1730,1624 1727,1624 1723,1624 1655,1655 1624,1669 1580,1655 1580,1751 1576,1795 1634,1809 1638,1809 1696,1795 1730,1788 1740,1795 1792,1836 1795,1836 1798,1836 1802,1839 1952,1839 1952,1836 1955,1836 1959,1836 2024,1795 2037,1785 2252,1781 2266,1792 2321,1839 2324,1839 2327,1839 2331,1843 2471,1843 2471,1839 2474,1839 2478,1839 2536,1802 2594,1839 2597,1839 2600,1839 2604,1843 2730,1843 2730,1839 2734,1839 2737,1839 2802,1788 2816,1781 2911,1781 2925,1788 2938,1798 2942,1798 2945,1798 2949,1798 3044,1788 3089,1829 3089,1832 3092,1832 3095,1832 3099,1832 3102,1832 3160,1809 3225,1839 3229,1839 3232,1839 3235,1839 3239,1839 3300,1785 3304,1785 3372,1809 3375,1809 3379,1809 3382,1809 3386,1809 3413,1788 3519,1809 3522,1809 3727,1781 3730,1757 3730,1682 3723,1679"/>
        <Baseline points="1580,1751 2566,1740 3730,1757"/>
        <TextEquiv>
          <Unicode>Im Schoos verbirgt, Beſondres Ihr zu bieten</Unicode>
        </TextEquiv>
      </TextLine>

      
      
      <TextLine id="eSc_line_fbc6cf2a" custom="structure {type:default;}">
        <Coords points="1563,1911 1563,1976 1628,1993 1631,1993 1634,1993 1638,1993 1662,1976 1737,1931 1863,1931 1911,1976 1928,1989 1928,1993 1931,1993 1935,1993 1938,1996 2208,1996 2208,1993 2211,1993 2215,1993 2215,1989 2235,1972 2276,1931 2638,1931 2658,1949 2658,1952 2662,1952 2665,1952 2669,1952 2672,1952 2676,1952 2699,1931 2740,1949 2744,1949 2747,1949 2843,1931 2880,1966 2904,1989 2904,1993 2908,1993 2911,1993 2914,1996 3106,1996 3106,1993 3109,1993 3112,1993 3112,1989 3140,1966 3160,1945 3181,1966 3208,1989 3208,1993 3211,1993 3215,1993 3218,1996 3368,1996 3368,1993 3372,1993 3375,1993 3420,1962 3437,1952 3454,1962 3464,1914 3461,1839 3362,1798 3358,1798 3290,1798 3287,1798 3283,1798 3280,1798 3252,1822 3218,1812 3215,1812 3211,1812 3208,1812 3205,1812 3170,1843 3044,1843 2935,1798 2932,1798 2747,1798 2744,1798 2740,1798 2737,1798 2737,1802 2696,1843 2631,1843 2594,1805 2594,1802 2590,1802 2587,1802 2583,1802 2580,1802 2577,1802 2542,1822 2488,1798 2484,1798 2481,1798 2478,1798 2474,1798 2416,1843 2355,1843 2317,1809 2317,1805 2314,1805 2310,1805 2187,1798 2184,1798 2181,1798 2177,1798 2116,1839 2051,1802 2048,1802 2044,1802 2041,1802 2037,1802 1993,1843 1836,1843 1778,1802 1774,1802 1771,1802 1768,1802 1764,1802 1713,1826 1662,1798 1658,1798 1655,1798 1652,1798 1559,1839 1563,1911"/>
        <Baseline points="1563,1911 2665,1901 3464,1914"/>
        <TextEquiv>
          <Unicode>Iſt unnütz. Geh und häufe Schatz auf Schatz</Unicode>
        </TextEquiv>
      </TextLine>

      
      
      <TextLine id="eSc_line_fab70252" custom="structure {type:default;}">
        <Coords points="1566,2075 1563,2109 1747,2112 1751,2112 1754,2112 1768,2109 1839,2088 1897,2109 1908,2112 1911,2112 1914,2112 1918,2112 1921,2112 1921,2109 1925,2109 1952,2085 2058,2099 2061,2099 2191,2078 2263,2106 2266,2106 2269,2106 2273,2106 2317,2082 2355,2102 2358,2102 2362,2102 2365,2102 2450,2082 2529,2106 2532,2106 2536,2106 2539,2106 2556,2106 2696,2088 2734,2106 2761,2116 2764,2116 2768,2116 2853,2102 2973,2085 3075,2102 3160,2116 3164,2116 3338,2099 3341,2075 3341,2003 3297,1979 3293,1979 3290,1979 3287,1979 3283,1979 3246,2003 3239,2007 3232,2003 3201,1976 3201,1972 3198,1972 3194,1972 3102,1972 3099,1972 3095,1972 3092,1972 3058,2003 3048,2013 2959,2013 2949,2003 2918,1976 2918,1972 2914,1972 2911,1972 2863,1972 2860,1972 2856,1972 2795,2003 2785,2010 2515,2010 2505,2003 2430,1969 2426,1969 2300,1969 2297,1969 2293,1969 2290,1969 2242,2003 2239,2007 2109,2007 2102,2003 2007,1966 2003,1966 2000,1966 1996,1966 1993,1966 1952,2003 1949,2003 1870,1972 1867,1972 1863,1972 1733,2003 1730,2003 1727,2003 1686,1966 1686,1962 1682,1962 1679,1962 1675,1962 1672,1962 1566,1996 1566,2075"/>
        <Baseline points="1566,2075 2003,2061 3341,2075"/>
        <TextEquiv>
          <Unicode>Geordnet an. Der ungeſeh’nen Pracht</Unicode>
        </TextEquiv>
      </TextLine>

      
      
      <TextLine id="eSc_line_941a8dfa" custom="structure {type:default;}">
        <Coords points="1559,2218 1556,2283 1727,2286 1730,2286 1733,2286 1737,2286 1740,2283 1792,2242 1979,2256 1983,2256 1986,2256 2048,2232 2348,2249 2351,2249 2355,2249 2396,2235 2488,2273 2546,2297 2549,2297 2553,2300 2645,2300 2645,2297 2648,2297 2696,2269 2751,2242 2805,2242 2843,2269 2884,2304 2887,2304 2891,2304 2894,2304 2897,2304 2983,2266 3037,2245 3136,2263 3140,2266 3188,2307 3191,2307 3194,2307 3198,2307 3201,2307 3310,2273 3515,2300 3519,2300 3522,2300 3614,2259 3618,2242 3618,2164 3563,2143 3560,2143 3556,2143 3375,2160 3317,2129 3314,2129 3310,2129 3307,2129 3269,2140 3232,2106 3232,2102 3229,2102 3225,2102 3222,2102 3218,2102 3150,2126 3123,2102 3123,2099 3119,2099 3116,2099 3112,2099 3109,2099 3041,2116 2891,2099 2887,2099 2884,2099 2880,2099 2805,2150 2638,2150 2573,2092 2570,2092 2566,2092 2416,2092 2413,2092 2409,2092 2406,2092 2351,2126 2164,2085 2160,2085 2030,2106 2027,2106 2024,2106 1979,2140 1675,2106 1672,2106 1669,2106 1665,2106 1624,2136 1559,2136 1559,2218"/>
        <Baseline points="1559,2218 2457,2208 3618,2242"/>
        <TextEquiv>
          <Unicode>Erhabnes Bild ſtell’ auf! Laß die Gewölbe</Unicode>
        </TextEquiv>
      </TextLine>

      
      
      <TextLine id="eSc_line_3ec4a571" custom="structure {type:default;}">
        <Coords points="1594,2389 1597,2430 1607,2420 1617,2430 1631,2440 1634,2440 1638,2440 1641,2440 1645,2440 1669,2430 1716,2409 1822,2426 1826,2426 1829,2426 1832,2426 1867,2402 1925,2430 1966,2447 1969,2447 1972,2450 2051,2450 2051,2447 2054,2447 2058,2447 2082,2430 2119,2402 2198,2423 2201,2423 2205,2423 2208,2423 2211,2423 2242,2402 2396,2420 2399,2420 2590,2406 2624,2426 2628,2426 2631,2426 2635,2426 2795,2413 2826,2426 2874,2450 2877,2450 2880,2450 3027,2430 3293,2450 3297,2450 3300,2450 3372,2426 3375,2402 3365,2280 3297,2314 3147,2314 3102,2283 3092,2276 3089,2276 3085,2276 3082,2276 3078,2276 3041,2286 2932,2314 2897,2286 2884,2276 2880,2276 2877,2276 2874,2276 2870,2276 2822,2290 2792,2297 2747,2290 2648,2276 2645,2276 2641,2276 2638,2276 2638,2280 2621,2293 2604,2310 2577,2293 2556,2280 2553,2280 2549,2280 2546,2280 2542,2280 2498,2297 2443,2314 2280,2304 2280,2300 2252,2276 2252,2273 2249,2273 2245,2273 2242,2273 2013,2293 1942,2273 1938,2273 1935,2273 1931,2273 1928,2273 1928,2276 1894,2307 1887,2314 1805,2314 1802,2307 1757,2273 1754,2273 1751,2273 1747,2273 1594,2310 1594,2389"/>
        <Baseline points="1594,2389 2645,2375 3375,2402"/>
        <TextEquiv>
          <Unicode>Wie friſche Himmel blinken, Paradieſe</Unicode>
        </TextEquiv>
      </TextLine>

      
      
      <TextLine id="eSc_line_eb67a42b" custom="structure {type:default;}">
        <Coords points="1570,2539 1576,2577 1597,2560 1764,2563 1774,2570 1805,2590 1809,2590 1812,2590 1815,2590 1819,2590 1901,2566 1949,2556 2061,2563 2191,2573 2194,2573 2198,2573 2249,2560 2290,2549 2307,2560 2317,2566 2321,2566 2324,2566 2327,2566 2515,2563 2542,2587 2542,2590 2546,2590 2549,2590 2553,2590 2751,2570 2833,2590 2836,2590 2839,2590 2843,2590 2979,2542 2979,2529 2973,2478 2870,2478 2792,2430 2788,2430 2785,2430 2781,2430 2778,2430 2775,2430 2710,2474 2532,2474 2471,2433 2467,2433 2464,2433 2338,2433 2334,2433 2331,2433 2327,2433 2327,2437 2280,2481 2205,2481 2109,2433 2106,2433 2044,2433 2041,2433 2037,2433 2034,2433 2007,2454 1880,2437 1877,2437 1873,2437 1870,2437 1815,2481 1812,2481 1764,2481 1703,2437 1699,2437 1696,2437 1693,2437 1689,2437 1566,2478 1570,2539"/>
        <Baseline points="1570,2539 2979,2529"/>
        <TextEquiv>
          <Unicode>Von lebeloſem Leben richte zu.</Unicode>
        </TextEquiv>
      </TextLine>

      
      
      <TextLine id="eSc_line_dcf21c5f" custom="structure {type:default;}">
        <Coords points="1546,2696 1546,2734 2672,2717 2727,2723 2860,2737 2863,2737 2867,2737 2918,2720 2928,2717 2938,2720 2986,2737 2990,2737 2993,2740 3235,2740 3235,2737 3362,2713 3365,2693 3348,2580 3283,2624 3174,2597 3170,2597 3167,2597 3164,2597 3160,2597 3140,2614 3112,2587 3109,2587 3109,2583 3106,2583 3102,2583 3099,2583 3095,2583 3082,2587 3010,2614 2973,2590 2966,2583 2962,2583 2959,2583 2901,2583 2897,2583 2894,2583 2891,2583 2891,2587 2884,2594 2846,2628 2614,2628 2587,2600 2570,2587 2570,2583 2566,2583 2563,2583 2560,2583 2556,2583 2515,2600 2512,2604 2512,2600 2491,2583 2488,2583 2484,2583 2362,2583 2358,2583 2355,2583 2314,2607 2276,2628 2228,2628 2201,2611 2170,2587 2167,2587 2164,2587 2160,2587 2157,2587 2095,2607 2030,2594 2027,2594 2024,2594 1983,2614 1969,2624 1959,2614 1921,2583 1918,2583 1914,2583 1911,2583 1908,2583 1764,2621 1757,2621 1706,2583 1703,2583 1699,2583 1638,2583 1634,2583 1631,2583 1628,2583 1576,2624 1576,2628 1542,2628 1546,2696"/>
        <Baseline points="1546,2696 3365,2693"/>
        <TextEquiv>
          <Unicode>Voreilend ihren Tritten laß beblümt</Unicode>
        </TextEquiv>
      </TextLine>

      
      
      <TextLine id="eSc_line_aa8932a2" custom="structure {type:default;}">
        <Coords points="1553,2870 1559,2925 1607,2894 1798,2894 1829,2918 1860,2945 1860,2949 1863,2949 1867,2949 1870,2949 1972,2945 1976,2945 1979,2945 2027,2914 2065,2891 2088,2914 2123,2942 2123,2945 2126,2945 2129,2945 2133,2949 2170,2949 2170,2945 2174,2945 2245,2911 2300,2887 2461,2908 2467,2908 2471,2908 2474,2908 2594,2884 2621,2904 2658,2938 2662,2938 2665,2938 2669,2942 2853,2942 2853,2938 3020,2932 3024,2932 3027,2932 3072,2897 3075,2897 3123,2897 3198,2897 3201,2897 3205,2897 3208,2897 3208,2894 3211,2894 3225,2877 3365,2884 3379,2894 3437,2918 3440,2918 3444,2918 3447,2918 3450,2918 3450,2914 3478,2891 3485,2880 3502,2891 3508,2850 3502,2768 3314,2737 3310,2737 3307,2737 3304,2737 3259,2771 3242,2781 3082,2781 3072,2771 3044,2751 3044,2747 3041,2747 3037,2747 3034,2747 3031,2747 3027,2747 2990,2775 2976,2785 2874,2785 2863,2775 2822,2737 2819,2737 2816,2737 2812,2737 2809,2737 2734,2778 2720,2785 2696,2778 2577,2740 2573,2740 2570,2740 2566,2740 2563,2740 2563,2744 2525,2781 2519,2792 2457,2792 2443,2781 2402,2754 2399,2754 2396,2754 2392,2754 2273,2771 2215,2737 2211,2737 2208,2737 2205,2737 2024,2740 2020,2740 2017,2740 1938,2788 1935,2792 1935,2788 1884,2744 1884,2740 1880,2740 1877,2740 1873,2740 1645,2744 1641,2744 1549,2788 1553,2870"/>
        <Baseline points="1553,2870 3508,2850"/>
        <TextEquiv>
          <Unicode>An Teppich Teppiche ſich wälzen, ihrem Tritt</Unicode>
        </TextEquiv>
      </TextLine>

      
      
      <TextLine id="eSc_line_6bffde05" custom="structure {type:default;}">
        <Coords points="1559,3031 1559,3048 1805,3085 1809,3085 1812,3085 1894,3048 1908,3041 2020,3041 2037,3044 2119,3072 2123,3072 2126,3072 2129,3072 2133,3072 2164,3048 2423,3054 2426,3054 2430,3054 2433,3054 2433,3051 2443,3041 2450,3037 2488,3041 2577,3054 2607,3082 2611,3082 2614,3082 2618,3085 2816,3085 2816,3082 2819,3082 2874,3061 2938,3078 2942,3078 2945,3078 2949,3078 2952,3078 2996,3044 3037,3075 3041,3075 3044,3075 3048,3075 3051,3075 3102,3051 3177,3078 3181,3078 3184,3078 3188,3078 3263,3037 3266,3037 3317,3037 3321,3024 3317,2955 3266,2928 3263,2928 3259,2928 3256,2928 3215,2945 3188,2921 3188,2918 3184,2918 3181,2918 3089,2918 3085,2918 3082,2918 3078,2918 3078,2921 3041,2955 3031,2966 2853,2959 2853,2955 2816,2925 2812,2925 2809,2925 2805,2925 2802,2925 2798,2925 2798,2928 2768,2959 2764,2962 2652,2966 2641,2959 2597,2921 2597,2918 2594,2918 2590,2918 2587,2918 2583,2918 2542,2935 2454,2918 2450,2918 2447,2918 2443,2918 2396,2959 2382,2973 2331,2973 2317,2959 2276,2925 2276,2921 2273,2921 2269,2921 2194,2921 2191,2921 2187,2921 2184,2921 2136,2959 2136,2962 2058,2973 1935,2973 1914,2959 1890,2949 1887,2949 1884,2949 1764,2959 1723,2925 1723,2921 1720,2921 1716,2921 1645,2921 1641,2921 1638,2921 1556,2955 1559,3031"/>
        <Baseline points="1559,3031 3321,3024"/>
        <TextEquiv>
          <Unicode>Begegne ſanfter Boden, ihrem Blick,</Unicode>
        </TextEquiv>
      </TextLine>

      
      
      <TextLine id="eSc_line_2b61ade9" custom="structure {type:default;}">
        <Coords points="1549,3184 1546,3211 1751,3211 1757,3218 1774,3235 1774,3239 1778,3239 1781,3239 1785,3239 1788,3239 1822,3225 1921,3280 1925,3280 1928,3283 1993,3283 1993,3280 1996,3280 2000,3280 2082,3222 2095,3215 2143,3218 2146,3225 2198,3266 2201,3266 2205,3266 2208,3266 2211,3266 2215,3266 2280,3225 2304,3215 2560,3215 2583,3229 2621,3249 2624,3249 2628,3249 2686,3242 2740,3287 2740,3290 2744,3290 2747,3290 2908,3293 2911,3293 2914,3293 3048,3259 3130,3293 3133,3293 3136,3293 3140,3293 3222,3266 3341,3297 3345,3297 3348,3297 3351,3297 3355,3297 3416,3246 3474,3239 3478,3201 3474,3133 3280,3109 3276,3109 3157,3126 3116,3089 3116,3085 3112,3085 3109,3085 3106,3085 3102,3085 3058,3099 2911,3082 2908,3082 2904,3082 2798,3112 2734,3085 2730,3085 2727,3085 2723,3085 2655,3119 2624,3089 2624,3085 2621,3085 2618,3085 2614,3085 2611,3085 2553,3116 2501,3078 2498,3078 2495,3078 2491,3078 2382,3099 2351,3075 2348,3075 2344,3075 2341,3075 2338,3075 2191,3116 2123,3075 2119,3075 2116,3075 2112,3075 2109,3075 2058,3089 2041,3072 2037,3072 2034,3072 2030,3072 1945,3075 1942,3075 1938,3075 1938,3078 1901,3112 1693,3112 1648,3075 1645,3075 1641,3075 1638,3075 1634,3075 1549,3106 1549,3184"/>
        <Baseline points="1549,3184 2392,3167 3478,3201"/>
        <TextEquiv>
          <Unicode>Nur göttliche nicht blendend, höchſter Glanz.</Unicode>
        </TextEquiv>
      </TextLine>

      
      
      <TextLine id="eSc_line_f5e072a3" custom="structure {type:default;}">
        <Coords points="2058,3379 2058,3471 2544,3435 2549,3374 2534,3235 2298,3287 2268,3266 2222,3235 2216,3235 2211,3235 2206,3235 2201,3235 2053,3292 2058,3379"/>
        <Baseline points="2061,3382 2553,3376"/>
        <TextEquiv>
          <Unicode>Lynceus.</Unicode>
        </TextEquiv>
      </TextLine>

      
      
      <TextLine id="eSc_line_59bd6408" custom="structure {type:default;}">
        <Coords points="1802,3553 1798,3580 2088,3607 2092,3607 2095,3607 2157,3584 2160,3584 2191,3604 2194,3604 2198,3604 2201,3604 2286,3584 2300,3584 2563,3584 2577,3587 2676,3618 2679,3618 2682,3618 2792,3594 3000,3611 3003,3611 3007,3611 3061,3590 3065,3590 3174,3621 3177,3621 3181,3621 3334,3590 3338,3577 3338,3498 3082,3461 3017,3461 3013,3461 3010,3461 3007,3461 2966,3491 2952,3498 2880,3498 2874,3488 2843,3461 2843,3457 2839,3457 2836,3457 2764,3457 2761,3457 2757,3457 2703,3488 2696,3491 2689,3488 2641,3454 2638,3454 2635,3454 2631,3454 2628,3454 2560,3485 2549,3491 2362,3491 2351,3481 2321,3454 2321,3450 2317,3450 2314,3450 2310,3450 2307,3450 2235,3481 2228,3481 2222,3481 2160,3461 2157,3461 2153,3461 2150,3461 2146,3461 2123,3478 2109,3488 2027,3488 2007,3478 1945,3444 1942,3444 1938,3444 1802,3471 1802,3553"/>
        <Baseline points="1802,3553 3338,3577"/>
        <TextEquiv>
          <Unicode>Schwach iſt was der Herr befiehlt,</Unicode>
        </TextEquiv>
      </TextLine>

      
      
      <TextLine id="eSc_line_f5f8f5c9" custom="structure {type:default;}">
        <Coords points="1822,3713 1822,3792 2017,3737 2225,3747 2228,3747 2232,3747 2276,3730 2501,3741 2536,3764 2549,3775 2553,3775 2556,3775 2560,3775 2563,3775 2566,3775 2580,3764 2590,3754 2628,3761 2676,3771 2679,3771 2682,3771 2686,3771 2706,3758 2717,3751 2723,3758 2764,3795 2764,3799 2768,3799 2771,3799 3075,3802 3078,3802 3082,3802 3085,3802 3130,3764 3170,3775 3174,3775 3177,3775 3181,3775 3314,3734 3317,3723 3317,3652 3273,3635 3269,3635 3266,3635 3263,3635 3218,3652 3194,3662 2996,3662 2979,3652 2925,3614 2921,3614 2918,3614 2914,3614 2911,3614 2908,3614 2908,3618 2874,3652 2867,3659 2846,3652 2798,3631 2795,3631 2792,3631 2788,3631 2713,3652 2696,3655 2689,3652 2658,3621 2658,3618 2655,3618 2652,3618 2648,3618 2645,3618 2560,3652 2549,3655 2542,3652 2495,3611 2491,3611 2488,3611 2484,3611 2310,3642 2245,3607 2242,3607 2239,3607 2235,3607 2119,3645 2082,3611 2082,3607 2078,3607 2075,3607 1972,3607 1969,3607 1966,3607 1962,3607 1908,3652 1901,3652 1822,3652 1822,3713"/>
        <Baseline points="1822,3713 3317,3723"/>
        <TextEquiv>
          <Unicode>Thut’s der Diener, es iſt geſpielt;</Unicode>
        </TextEquiv>
      </TextLine>

      
      
      <TextLine id="eSc_line_7679750a" custom="structure {type:default;}">
        <Coords points="1812,3863 1809,3928 1921,3908 1949,3928 1955,3935 1959,3935 1962,3935 1966,3938 2092,3938 2092,3935 2095,3935 2099,3935 2099,3932 2106,3925 2133,3898 2225,3898 2252,3921 2263,3932 2263,3935 2266,3935 2269,3935 2314,3938 2317,3942 2382,3942 2382,3938 2385,3938 2430,3918 2471,3898 2515,3915 2519,3915 2522,3915 2536,3915 2761,3894 2802,3908 2829,3918 2833,3918 2836,3918 2839,3918 2880,3908 2911,3898 2921,3904 2952,3928 2955,3928 2959,3928 2962,3928 2966,3928 3013,3904 3211,3921 3215,3921 3218,3921 3317,3894 3321,3874 3321,3799 3201,3764 3198,3764 3194,3764 3191,3764 3188,3764 3147,3795 3102,3781 3099,3781 3095,3781 3092,3781 3089,3781 3061,3802 3051,3809 2949,3809 2938,3802 2914,3785 2911,3785 2908,3785 2904,3785 2901,3785 2897,3785 2880,3799 2877,3802 2877,3799 2812,3768 2809,3768 2805,3768 2802,3768 2737,3799 2730,3805 2641,3805 2638,3799 2604,3768 2604,3764 2600,3764 2597,3764 2594,3764 2590,3764 2546,3788 2437,3764 2433,3764 2430,3764 2372,3792 2331,3761 2327,3761 2324,3761 2321,3761 2317,3761 2263,3792 2225,3758 2222,3758 2218,3758 2112,3758 2109,3758 2106,3758 2102,3758 2102,3761 2065,3799 2017,3799 1989,3799 1986,3799 1935,3758 1931,3758 1928,3758 1884,3758 1880,3758 1877,3758 1812,3792 1812,3863"/>
        <Baseline points="1812,3863 3321,3874"/>
        <TextEquiv>
          <Unicode>Herrſcht doch über Gut und Blut</Unicode>
        </TextEquiv>
      </TextLine>

      
      
      <TextLine id="eSc_line_5df77785" custom="structure {type:default;}">
        <Coords points="1788,4031 1788,4051 1921,4085 1925,4085 1928,4085 1931,4085 1962,4061 2027,4072 2030,4072 2034,4072 2037,4072 2068,4048 2075,4044 2140,4044 2146,4048 2225,4085 2228,4085 2232,4085 2358,4082 2362,4082 2365,4082 2365,4078 2392,4055 2474,4065 2478,4065 2481,4065 2484,4065 2484,4061 2508,4041 2512,4041 2536,4041 2802,4061 2805,4061 2809,4061 2846,4048 2867,4065 2870,4065 2874,4065 2877,4065 2979,4044 3078,4068 3082,4068 3085,4068 3089,4068 3092,4068 3133,4034 3133,4020 3130,3942 3092,3921 3089,3921 3085,3921 3082,3921 3078,3921 3024,3949 3000,3962 2809,3962 2798,3952 2771,3928 2768,3928 2764,3928 2693,3921 2689,3921 2611,3932 2607,3932 2604,3932 2604,3935 2583,3956 2580,3959 2570,3956 2525,3935 2522,3935 2519,3935 2515,3935 2471,3956 2467,3959 2467,3956 2426,3918 2426,3915 2423,3915 2420,3915 2416,3915 2413,3915 2321,3952 2283,3918 2283,3915 2280,3915 2276,3915 2232,3915 2228,3915 2167,3918 2164,3918 2160,3918 2092,3962 2088,3962 2044,3921 2044,3918 2041,3918 2037,3918 2034,3918 2030,3918 2027,3918 1996,3938 1890,3918 1887,3918 1884,3918 1880,3918 1880,3921 1832,3966 1832,3969 1785,3969 1788,4031"/>
        <Baseline points="1788,4031 3133,4020"/>
        <TextEquiv>
          <Unicode>Dieſer Schönheit Uebermuth.</Unicode>
        </TextEquiv>
      </TextLine>

      
      
      <TextLine id="eSc_line_841607a0" custom="structure {type:default;}">
        <Coords points="1788,4194 1788,4218 1850,4215 1856,4218 1880,4239 1880,4242 1884,4242 1887,4242 1890,4242 2201,4218 2239,4215 2245,4218 2276,4242 2280,4242 2283,4242 2286,4242 2290,4242 2293,4242 2331,4215 2334,4212 2423,4212 2433,4215 2491,4246 2495,4246 2498,4249 2641,4249 2641,4246 2645,4246 2734,4218 2853,4242 2856,4242 2860,4242 2942,4212 2952,4208 2955,4212 2986,4235 2990,4235 2993,4235 2996,4235 3218,4208 3222,4184 3215,4133 3164,4133 3164,4130 3119,4092 3116,4092 3112,4092 3109,4092 3106,4092 3102,4092 3051,4130 2986,4085 2983,4085 2979,4085 2976,4085 2973,4085 2856,4130 2850,4133 2778,4133 2771,4126 2723,4089 2720,4089 2717,4089 2648,4089 2645,4089 2641,4089 2570,4126 2556,4133 2310,4133 2297,4123 2269,4106 2266,4106 2263,4106 2259,4106 2256,4106 2218,4123 2194,4136 2092,4136 2058,4123 1976,4092 1972,4092 1843,4092 1839,4092 1836,4092 1785,4113 1788,4194"/>
        <Baseline points="1788,4194 3222,4184"/>
        <TextEquiv>
          <Unicode>Schon das ganze Heer iſt zahm</Unicode>
        </TextEquiv>
      </TextLine>

      
      
      <TextLine id="eSc_line_fc57e71b" custom="structure {type:default;}">
        <Coords points="1774,4345 1771,4382 1867,4369 2037,4382 2143,4392 2146,4392 2150,4392 2153,4392 2164,4382 2177,4369 2283,4365 2344,4379 2389,4389 2392,4389 2396,4389 2420,4379 2454,4365 2635,4375 2945,4396 2949,4396 3355,4365 3358,4345 3355,4270 3143,4239 3140,4239 3136,4239 3133,4239 3085,4270 3078,4273 2809,4273 2805,4270 2771,4235 2771,4232 2768,4232 2764,4232 2696,4222 2693,4222 2689,4222 2686,4222 2621,4266 2577,4270 2560,4270 2556,4270 2443,4218 2440,4218 2437,4218 2433,4218 2341,4242 2314,4218 2310,4218 2307,4218 2126,4218 2123,4218 2119,4218 2116,4218 2051,4266 1993,4235 1989,4235 1843,4218 1839,4218 1836,4218 1832,4218 1774,4259 1774,4345"/>
        <Baseline points="1774,4345 2382,4331 3358,4345"/>
        <TextEquiv>
          <Unicode>Alle Schwerdter ſtumpf und lahm,</Unicode>
        </TextEquiv>
      </TextLine>

      
      
      <TextLine id="eSc_line_1cd030db" custom="structure {type:default;}">
        <Coords points="1798,4474 1798,4498 2071,4515 2075,4515 2078,4515 2082,4515 2109,4498 2119,4495 2259,4495 2269,4498 2317,4515 2321,4515 2324,4515 2450,4498 2587,4515 2590,4515 2778,4495 2781,4495 2802,4512 2802,4515 2805,4515 2809,4515 2812,4519 3065,4519 3065,4515 3068,4515 3136,4491 3136,4474 3130,4369 3058,4403 3010,4372 3007,4372 3003,4372 3000,4372 2996,4372 2993,4372 2928,4396 2884,4375 2867,4369 2863,4369 2860,4369 2856,4369 2853,4369 2839,4379 2785,4413 2720,4413 2614,4386 2542,4369 2539,4369 2536,4369 2532,4369 2508,4389 2481,4413 2437,4413 2399,4392 2358,4369 2355,4369 2351,4369 2348,4369 2344,4369 2344,4372 2321,4396 2307,4410 2249,4410 2235,4396 2205,4372 2205,4369 2201,4369 2198,4369 2153,4369 2150,4369 2146,4369 2143,4369 2143,4372 2112,4403 2102,4413 2003,4413 1996,4406 1959,4372 1959,4369 1955,4369 1952,4369 1897,4369 1894,4369 1890,4369 1887,4369 1839,4410 1836,4413 1798,4413 1798,4474"/>
        <Baseline points="1798,4474 3136,4474"/>
        <TextEquiv>
          <Unicode>Vor der herrlichen Geſtalt</Unicode>
        </TextEquiv>
      </TextLine>

      
      
      <TextLine id="eSc_line_e0a12a76" custom="structure {type:default;}">
        <Coords points="1781,4618 1778,4655 2071,4662 2075,4662 2078,4662 2099,4655 2164,4635 2297,4635 2341,4655 2358,4662 2362,4662 2365,4662 2368,4662 2385,4655 2420,4642 2624,4642 2696,4655 2757,4666 2761,4666 2887,4655 2993,4645 3031,4655 3112,4676 3116,4676 3119,4676 3263,4652 3266,4635 3266,4560 3112,4539 3109,4539 3106,4539 3102,4539 3082,4560 3068,4570 3051,4560 3034,4546 3031,4546 3027,4546 3024,4546 3020,4546 2979,4560 2938,4570 2884,4560 2781,4536 2778,4536 2775,4536 2771,4536 2744,4560 2734,4567 2409,4567 2399,4560 2372,4539 2368,4539 2365,4539 2362,4539 2358,4539 2355,4539 2331,4560 2321,4567 2205,4567 2153,4563 2150,4560 2119,4529 2119,4526 2116,4526 2112,4526 1863,4522 1860,4522 1856,4522 1781,4553 1781,4618"/>
        <Baseline points="1781,4618 2461,4614 3266,4635"/>
        <TextEquiv>
          <Unicode>Selbſt die Sonne matt und kalt,</Unicode>
        </TextEquiv>
      </TextLine>

      
      
      <TextLine id="eSc_line_632792e6" custom="structure {type:default;}">
        <Coords points="1785,4765 1785,4799 2109,4795 2129,4805 2225,4853 2228,4853 2232,4857 2430,4857 2430,4853 2433,4853 2437,4853 2437,4850 2474,4812 2519,4809 2662,4795 2703,4812 2812,4853 2816,4853 2819,4857 2880,4857 2880,4853 2884,4853 2887,4853 2945,4812 2949,4812 2952,4812 2993,4850 2993,4853 2996,4853 3000,4853 3003,4857 3051,4857 3051,4853 3054,4853 3058,4853 3112,4816 3126,4809 3263,4816 3266,4765 3266,4693 3150,4693 3116,4669 3112,4669 3109,4669 3106,4669 3102,4669 3058,4693 2990,4693 2969,4672 2969,4669 2966,4669 2962,4669 2959,4669 2798,4686 2764,4659 2764,4655 2761,4655 2757,4655 2754,4655 2587,4672 2515,4655 2512,4655 2508,4655 2505,4655 2501,4655 2478,4672 2286,4655 2283,4655 2280,4655 2177,4686 2143,4655 2140,4655 2136,4655 2085,4655 2082,4655 2078,4655 2075,4655 2075,4659 2041,4689 1952,4689 1914,4662 1911,4662 1908,4662 1904,4662 1785,4689 1785,4765"/>
        <Baseline points="1785,4765 3266,4765"/>
        <TextEquiv>
          <Unicode>Vor dem Reichthum des Geſichts</Unicode>
        </TextEquiv>
      </TextLine>

      
      
      <TextLine id="eSc_line_8ef1d950" custom="structure {type:default;}">
        <Coords points="1771,4904 1768,4942 2010,4939 2085,4949 2198,4966 2201,4966 2300,4949 2375,4939 2474,4942 2488,4952 2512,4969 2515,4969 2519,4969 2522,4969 2614,4952 2648,4945 2662,4952 2699,4969 2703,4969 2706,4969 3000,4952 3003,4911 3003,4836 2935,4816 2932,4816 2928,4816 2925,4816 2921,4816 2891,4840 2870,4857 2751,4857 2737,4840 2727,4833 2727,4829 2723,4829 2720,4829 2717,4829 2665,4840 2618,4819 2614,4819 2611,4819 2607,4819 2539,4843 2508,4853 2488,4843 2450,4826 2447,4826 2443,4826 2440,4826 2437,4826 2416,4843 2399,4853 2239,4853 2225,4846 2160,4812 2157,4812 2153,4812 2150,4812 2061,4836 1996,4812 1993,4812 1850,4812 1846,4812 1843,4812 1771,4846 1771,4904"/>
        <Baseline points="1771,4904 3003,4911"/>
        <TextEquiv>
          <Unicode>Alles leer und alles nichts.</Unicode>
        </TextEquiv>
      </TextLine>

      
      
      <TextLine id="eSc_line_f3f8e5cd" custom="structure {type:default;}">
        <Coords points="3519,4939 3440,4949 3416,4945 3300,4918 3297,4918 3293,4918 3177,4956 3181,5034 3184,5096 3310,5061 3386,5072 3474,5085 3478,5085 3481,5085 3539,5055 3539,5024 3529,4942 3519,4939"/>
        <Baseline points="3181,5034 3539,5024"/>
        <TextEquiv>
          <Unicode>/: ab :/</Unicode>
        </TextEquiv>
      </TextLine>

      
    </TextRegion>
    

    
  </Page>
</PcGts>
