4096 6144
1361 826 1771 1041 Helena
855 988 3025 1172 Die Tochter gab er, gab des Reichs Beſtellung ihm.
849 1157 3095 1375 Aus ehlichem Beyſeyn ſproßte dann Hermione.
1372 1310 1740 1549 Phork:
832 1505 3290 1696 Doch als er fern ſich Creta’s Erbe kühn erſtritt,
911 1652 3269 1867 Dir Einſamen da erſchien ein allzuſchöner Gaſt.
1361 1812 1751 1996 Helena.
928 1983 3225 2157 Warum gedenkſt du jener halben Wittwenſchaft?
921 2153 3321 2324 Und welch Verderben gräßlich mir daraus erwuchs?
1327 2300 1716 2512 Phork:
884 2525 2973 2710 Auch jene Fahrt mir freygebornen Creterin
880 2693 3020 2964 Gefangenſchaft erſchuf ſie, lange Sclaverey.
1290 2880 1720 3075 Helena.
873 3041 3099 3218 Als Schaffnerin beſtellt’ er dich ſogleich hieher
901 3208 3304 3396 Vertrauend Vieles, Burg und kühn erworbnen Schatz.
1303 3365 1686 3584 Phork:
870 3560 3068 3730 Die du verließeſt, Ilions umthürmter Stadt
904 3751 3082 3915 Und unerſchöpften Liebesfreuden zugewandt.
1252 3904 1689 4119 Helena
921 4082 3205 4266 Gedenke nicht der Freuden! allzuherben Leid’s
890 4229 3281 4439 Unendlichkeit ergoß ſich über Bruſt und Haupt.
1310 4362 1710 4584 Phork:
947 4495 3328 4710 Doch ſagt man, du erſchienſt ein doppelhaft Gebild,
911 4643 2913 4879 In Ilios geſehen und in Aegypten auch.
