4096 6144
2263 689 2635 897 Herold.
1570 877 3191 1051 Das Würdige beſchreibt ſich nicht.
1583 1034 3150 1215 Doch das geſunde Mondgeſicht,
1597 1198 3430 1365 Ein voller Mund, erblühte Wangen,
1614 1351 3662 1529 Die unterm Schmuck des Turbans prangen.
1832 1447 2416 1576 Faltenkleid
1624 1532 3532 1679 Im vollen Kleid ein reich Behagen!
1624 1679 3570 1836 Was ſoll ich von dem Anſtand ſagen?
1583 1856 3597 2024 Als Herrſcher ſcheint er mir bekannt.
2208 2020 2652 2140 Knabe.
1583 2181 3570 2348 Plutus, des Reichthums Gott genannt,
1617 2341 3485 2512 Derſelbe kommt in Prunk daher,
1624 2498 3573 2699 Der hohe Kaiſer wünſcht ihn ſehr.
2235 2693 2658 2880 Herold.
1624 2839 3836 3116 Sag von dir ſelber auch das Was und Wie?
2198 3232 2638 3358 Knabe.
1634 3396 3563 3607 Bin die Verſchwendung, bin die Poeſie.
1655 3590 3423 3754 Bin der Poet, der ſich vollendet
2413 3693 2706 3829 eigenſt
1665 3741 3805 3932 Wenn er ſein Hab’ und Gut verſchwendet
1624 3904 3256 4096 Auch ich bin unermeßlich reich
1672 4065 3529 4249 Und ſchätze mich dem Plutus gleich,
1638 4218 3781 4406 Beleb’ und ſchmück ihm Tanz und Schmaus
1648 4396 3556 4560 Das was ihm fehlt das theil ich aus.
2215 4549 2655 4724 Herold.
1675 4700 3532 4891 Das Prahlen ſteht dir gar zu ſchön;
1686 4874 3420 5051 Doch laß uns deine Künſte ſehn!
