4096 6144
1966 686 3829 866 Herold /: den Stab anfaſſend, welchen
2314 836 3884 1017 Plutus in der Hand behält :/
1631 1006 3512 1194 Die Zwerge führen den großen Pan
1406 1163 3034 1334 Zur Feuerquelle ſacht heran,
1491 1286 3440 1457 Sie ſiedet auf vom tiefſten Schlund
1484 1450 3631 1628 Dann ſinkt ſie wieder hinab zum Grund,
1522 1594 3399 1754 Und finſter ſteht der offne Mund;
1529 1733 3437 1894 Wallt wieder auf in Sud und Glut
1529 1901 3355 2078 Der große Pan ſteht wohlgemuth
1484 2037 3379 2201 Freut ſich des wunderſamen Dings.
1525 2194 3720 2375 Und Perlenſchaum ſprüht rechts und links,
1549 2341 3474 2515 Wie mag er ſolchen Weſen traun?
1530 2483 3558 2708 Er bückt ſich gar hinen zu ſchaun. –
1570 2662 3669 2816 Nun aber fällt ſein Bart hinein! –
1563 2802 3723 2983 Wer mag das glatte Kinn wohl ſeyn?
1542 2962 3764 3130 Die Hand verbirgt es unſerm Blick. –
1546 3109 3491 3307 Nun folgt ein großes Ungeſchick
1529 3266 3843 3461 Der Bart entflammt und fliegt zurück.
1536 3404 3752 3624 Entzündet Kranz und Haupt und Bruſt,
1501 3597 3590 3768 Zu Leiden wandelt ſich die Luſt. –
1522 3744 3638 3959 Zu löſchen läuft die Schaar herbey,
1580 3911 3843 4106 Doch keiner bleibt von Flammen frey,
1597 4092 3850 4280 Und wie es patſcht und wie es ſchlägt
1597 4235 3624 4440 Wird neues Flammen aufgeregt;
1597 4403 3471 4587 Verpflochten in das Element
1597 4590 3795 4788 Ein ganzer Maskenklump verbrennt.
