4096 6144
1501 870 3413 1061 Zum letztenmal gewagt! Es ſey!
1553 1027 3676 1208 Recht quammig, quappig, das bezahlen
1542 1160 3358 1320 Mit hohem Preis Orientalen....
1532 1290 3553 1505 Doch ach! der Boviſt platzt entzwey!
2075 1467 2583 1587 Lamien.
1467 1611 3754 1792 Fahrt auseinander, ſchwankt und ſchwebet
1512 1754 3560 1949 Blitzartig, ſchwarzen Flugs, umgebet,
1522 1918 3495 2085 Den eingedrungenen Hexenſohn!
1522 2068 3420 2242 Unſichre ſchauderhafte Kreiſe!
1508 2225 3669 2402 Schweigſamen Fittigs, Fledermäuſe!
1484 2396 3481 2553 Zu wohlfeil kom̄t er doch davon.
2126 2570 3577 2798 Meph. /: ſich ſchüttlend :/
1508 2757 3921 2949 Viel klüger, ſcheint es, bin ich nicht geworden;
1471 2921 3734 3099 Abſurd iſt’s hier, abſurd im Norden,
1498 3075 3734 3263 Geſpenſter hier wie dort vertrackt,
1484 3235 3386 3423 Volk und Poeten abgeſchmackt.
1423 3403 3587 3590 Iſt eben hier eine Mummenſchanz
1491 3560 3355 3734 Wie überall ein Sinnentanz.
1515 3717 3652 3915 Ich griff nach holden Maskenzügen
1498 3887 3816 4075 Und faßte Weſen daß mich’s ſchauerte....
1488 4061 3420 4235 Ich möchte gerne mich betrügen,
1464 4232 3423 4396 Wenn es nur länger dauerte.
1931 4423 3911 4597 /: ſich zwiſchen dem Geſtein verirrend :/
1495 4608 3563 4795 Wo bin ich denn? Wo will’s hinaus?
1471 4782 3754 4949 Das war ein Pfad, nun iſt’s ein Graus.
1501 4928 3665 5133 Ich kam daher auf glatten Wegen,
1471 5099 3781 5311 Und jetzt ſteht mir Geröll entgegen.
