4096 6144
1725 1039 2672 1249 Alles deckte ſich ſchon
1747 1204 2826 1378 Rings mit Nebel umher.
1725 1361 3082 1556 Sehen wir doch einander nicht!
1710 1520 2938 1756 Was geſchieht? gehen wir?
1740 1716 2542 1863 Schweben wir nur
1757 1846 3280 2027 Trippelnden Schritts am Boden hin?
1725 1991 3404 2222 Siehſt du nichts? ſchwebt nicht etwa gar
1715 2165 3609 2355 Hermes voran? Blinkt nicht der goldne Stab
1735 2309 3445 2539 Heiſchend, gebietend uns wieder zurück
1720 2467 3430 2713 Zu dem unerfreulichen, grautagenden,
1713 2669 3010 2819 Ungreifbarer Gebilde vollen,
1710 2822 3235 3027 Ueberfüllten, ewig leeren Hades.
