4096 6144
1003 563 1068 662 62
1498 877 3935 1102 Hochgeehrt ſtand ich zur Seite, doch, wie es Vertrau„
1525 1070 3512 1259 Schaut ich um nach etwas andrem ten ziemet,
1536 1182 3901 1418 Sah ich mich wo anders um. Wendete mich hier„ und
2949 1365 3297 1525 dorthin,
1532 1450 3857 1669 Suchte Wurzeln, Moos und Rinden, kundig aller
2846 1623 3717 1853 Wirkſamkeiten,
1539 1720 2696 1867 Und ſo blieben ſie allein.
2350 1889 2611 2114 Chor
1563 2051 3979 2304 Thuſt du doch als ob da drinne ganze Weltenräume wären,
1474 2239 3973 2488 Wald und Wieſe, Bäche, Seen, welche Mährchen ſpin̄ſt
2942 2450 3331 2577 du ab!
2201 2587 2658 2826 Phork.
1525 2785 3959 2993 Allerdings, ihr Unerfahrnen! das ſind unerforſchte
2952 2976 3338 3082 Tiefen:
1532 3085 3870 3293 Saal an Sälen, Hof an Höfen, dieſe ſpürt’ ich
2938 3276 3491 3430 ſinnend aus.
1529 3358 3921 3560 Doch auf einmal ein Gelächter echo’t in den Höhlen„
2935 3560 3420 3717 Räumen;
1536 3662 3935 3887 Schau’ ich hin, da ſpringt ein Knabe von der Frauen„
2925 3870 3781 4034 ſchoos zum Manne,
1573 3959 3809 4164 Von dem Vater zu der Mutter; das Gekoſe
2938 4157 3648 4314 das Getändel,
1561 4188 3451 4474 Thöriger Liebe Neckereyen, Scherzgeſchrey
2935 4440 3717 4648 und Luſtgejauchze
1570 4580 2785 4795 Wechſelnd übertäuben mich.
