4096 6144
638 948 2611 1150 Die Quelle ſpringt, vereinigt ſtürzen Bäche,
696 1122 2730 1297 Und ſchon ſind Schluchten, Hänge, Matten grün,
723 1269 2515 1443 Auf hundert Hügeln unterbrochner Fläche
733 1402 2529 1583 Siehſt Wollenheerden ausgebreitet ziehn.
884 1628 2621 1812 Vertheilt, vorſichtig, abgemeſſen ſchreitet
740 1781 2461 1952 Gehörntes Rind hinan zum gähen Rand,
750 1914 2529 2068 Doch Obdach iſt den ſäm̄tlichen bereitet,
733 2051 2689 2249 Zu hundert Höhlen wölbt ſich Felſenwand.
890 2252 2969 2447 Pan ſchützt ſie dort und Lebensnymphen wohnen
747 2406 2795 2611 In buſchiger Klüfte feucht erfriſchtem Raum,
733 2580 2563 2771 Und, ſehnſuchtsvoll nach höhern Regionen,
747 2747 2809 2932 Erhebt ſich zweighaft Baum gedrängt an Baum.
887 2897 2938 3099 Alt„Wälder ſind’s! Die Eiche ſtarret mächtig
757 3051 2392 3246 Und eigenſinnig zackt ſich Aſt an Aſt;
768 3215 2720 3403 Der Ahorn mild, von ſüßem Safte trächtig,
778 3372 2846 3539 Steigt rein empor und ſpielt mit ſeiner Laſt.
907 3522 2836 3689 Und mütterlich im ſtillen Schattenkreiſe
791 3679 2833 3863 Quillt laue Milch bereit für Kind und Lamm;
778 3850 2737 4017 Obſt iſt nicht weit, der Ebnen reife Speiſe,
771 4010 2819 4215 Und Honig trieft vom ausgehöhlten Stamm.
969 4201 2481 4403 Hier iſt das Wohlbehagen erblich,
754 4372 2365 4529 Die Wange heitert wie der Mund,
784 4505 2606 4740 Ein jeder iſt an ſeinem Platz unſterblich:
803 4659 2288 4894 Sie ſind zufrieden und geſund.
