4096 6144
1460 948 3631 1153 Doch red’ ich in die Lüfte; denn das Wort bemüht
1484 1122 3771 1303 Sich nur umſonſt Geſtalten ſchöpferiſch aufzubaun.
1498 1286 3812 1477 Da ſeht ſie ſelbſt! ſie wagt ſogar ſich ans Licht hervor!
1515 1460 3792 1624 Hier ſind wir Meiſter, bis der Herr und König kom̄t.
1512 1604 3812 1792 Die grauſen Nachtgeburten drängt der Schönheitsfreund,
1501 1771 3372 1979 Phöbus hinweg in Höhlen, oder bändigt ſie.
1850 1945 3700 2129 Phorkyas /: Auf der Schwelle zwiſchen den
2464 2075 3502 2293 Thürpfoſten auftretend :/
1901 2239 2232 2457 Chor.
1638 2416 3099 2556 Vieles erlebt’ ich, obgleich die Locke
1665 2529 3263 2679 Jugendlich wallet mir um die Schläfe!
1645 2658 3095 2809 Schreckliches hab’ ich vieles geſehen,
1699 2778 3304 2945 Kriegriſchen Jammer, Ilions Nacht,
1665 2921 2218 3082 Als es fiel.
1658 3075 3396 3252 Durch das umwölkte, ſtaubende Toſen,
1634 3235 3512 3389 Drängender Krieger hört ich die Götter
1648 3396 3560 3560 Fürchterlich rufen, hört ich der Zwietracht
1631 3505 3317 3696 Eherne Stimme ſchallen durchs Feld,
1675 3655 2331 3788 Mauerwärts.
1621 3833 2990 4017 Ach, ſie ſtanden noch, Ilions
1638 3986 3273 4147 Mauern, aber die Flammengluth
1638 4123 3416 4311 Zog vom Nachbar zum Nachbar ſchon
1631 4276 3300 4430 Sich verbreitend von hier und dort
1634 4410 3235 4570 Mit des eignen Sturmes Wehn
1655 4556 3078 4747 Ueber die nächtliche Stadt hin.
