4096 6144
1396 781 1832 969 Chiron.
952 921 2611 1105 Das laſſen wir an ſeinem Ort!
952 1075 3304 1273 Selbſt Pallas kommt als Mentor nicht zu Ehren;
897 1218 3181 1443 Am Ende treiben ſie’s nach ihrer Weiſe fort
904 1409 2833 1583 Als wenn ſie nicht erzogen wären.
1382 1563 1788 1706 Fauſt.
955 1733 2816 1901 Den Arzt, der jede Pflanze nennt,
935 1880 2911 2051 Die Wurzeln bis ins Tiefſte kennt,
938 2041 3324 2222 Dem Kranken Heil, dem Wunden Lindrung ſchafft,
962 2215 3252 2385 Umarm’ ich hier in Geiſt und Körperkraft!
1460 2389 1914 2529 Chiron.
969 2549 2976 2730 Ward neben mir ein Held verletzt,
959 2703 3198 2904 Da wußt’ ich Hülf’ und Rath zu ſchaffen;
962 2870 2850 3037 Doch ließ ich meine Kunſt zuletzt
959 3013 3112 3215 Den Wurzelweibern und den Pfaffen.
1501 3249 1884 3403 Fauſt.
952 3406 2856 3601 Du biſt der wahre große Mann
942 3577 2928 3730 Der Lobeswort nicht hören kann;
1061 3720 2925 3898 Er ſucht beſcheiden auszuweichen
1006 3877 3075 4055 Und thut als gäb’ es Seinesgleichen
976 4160 3065 4345 Du ſcheineſt mir geſchickt zu heuchel
1484 4051 1996 4218 Chiron.
1006 4317 3297 4491 Dem Fürſten wie dem Volk zu ſchmeicheln.
1474 4444 1860 4635 Fauſt.
1013 4604 3068 4761 So wirſt du mir denn doch geſtehn
1000 4727 3208 4901 Du haſt die Größten deiner Zeit geſehn,
1020 4891 3112 5024 Dem Edelſten in Thaten nachgeſtrebt,
1047 5000 3157 5167 Halbgöttlich ernſt die Tage durchgelebt.
1041 5123 3089 5253 Doch unter den heroiſchen Geſtalten
1078 5215 3321 5399 Wen haſt du für den Tüchtigſten gehalten?
3136 587 3287 703 10
