4096 6144
774 884 2717 1064 Das Beſte was begegnen könnte
843 1037 2720 1225 Bringt ihn zu ſeinem Elemente.
1553 1204 2078 1375 Mephiſt.
788 1327 3007 1508 Dergleichen hab ich nie vernommen.
1576 1515 1931 1662 Hom.
832 1600 3266 1778 Wie wollt’ es auch zu euren Ohren kom̄en?
812 1754 3194 1949 Romantiſche Geſpenſter kennt ihr nur allein,
826 1914 3239 2126 Ein echt Geſpenſt auch claſſiſch hat’s zu ſeyn.
1607 2095 2058 2269 Mephiſt.
843 2232 3065 2423 Wohin denn aber ſoll die Fahrt ſich regen?
822 2396 2993 2560 Mich widern ſchon antikiſche Collegen.
1590 2546 2112 2658 Homunk.
819 2682 3034 2839 Nordweſtlich, Satan, iſt dein Luſtrevier;
839 2822 2764 2983 Südöſtlich diesmal aber ſegeln wir
2321 2870 3252 3027 fließt Peneios frey,
836 2973 3222 3147 An großer Fläche fließt ein reicher Fluß,
829 3102 3222 3297 Umbuſcht, umbaumt, in ſtill’ und feuchten Buchten,
812 3269 3283 3444 Die Ebne dehnt ſich zu der Berge Schluchten, –
2604 3372 3266 3461 alt und neu.
839 3430 2993 3601 Und oben liegt das alte Pharſalus.
1607 3601 1976 3717 Meph.
826 3734 3126 3911 O weh! hinweg! und laßt mir jene Streite
829 3901 3109 4078 Von Tyranney und Sklaverey bey Seite.
822 4044 3140 4232 Mich langeweilt’s, denn kaum iſt’s abgethan,
819 4212 2894 4379 So fangen ſie von vorne wieder an;
826 4355 3065 4539 Und keiner merkt: er iſt doch nur geneckt
812 4529 2976 4683 Vom Asmodeus der dahinter ſteckt.
822 4693 3170 4857 Sie ſtreiten ſich, ſo heißt um Freyheitsrechte,
805 4857 3225 5027 Genau beſehen ſind’s Knechte gegen Knechte
3174 587 3266 689 62
