4096 6144
716 832 2577 1000 Vergebens klettr’ ich auf und nieder,
716 952 2595 1157 Wo find ich meine Sphynxe wieder?
709 1116 2430 1286 So toll hätt ich mirs nicht gedacht
733 1256 2402 1437 Ein ſolch Gebirg in Einer Nacht.
737 1382 2317 1539 Das heiß ich friſchen Hexenritt
720 1501 2382 1682 Die bringen ihren Blocksberg mit
1280 1638 2713 1798 Oreas. /: vom Naturfels. /
768 1894 2667 2155 Herauf hier! Mein Gebirg iſt alt,
783 2094 2580 2293 Steht in urſprünglicher Geſtalt.
762 2237 2580 2478 Verehre ſchroffe Felſenſteige,
744 2440 2703 2597 Des Pindus letztgedehnte Zweige.
730 2590 2638 2778 Schon ſtand ich unerſchüttert ſo,
727 2744 2534 2984 Als über mich Pompejus floh.
737 2923 2698 3143 Daneben, das Gebild des Wahns,
747 3095 3184 3293 Verſchwindet ſchon beym Krähn des Hahns.
709 3259 3106 3461 Dergleichen Mährchen ſeh’ ich oft entſtehn
754 3450 2641 3628 Und plötzlich wieder untergehn.
1310 3640 1766 3860 Meph.
723 3785 2863 4003 Sey Ehre dir, ehrwürdiges Haupt!
727 3966 2822 4150 Von hoher Eichenkraft umlaubt;
716 4143 2628 4324 Der allerklarſte Mondenſchein
692 4324 2761 4495 Dringt nicht zur Finſterniß herein. –
808 4485 2621 4655 Doch neben am Gebüſche zieht
709 4635 2809 4805 Ein Licht das gar beſcheiden glüht.
754 4778 2689 4956 Wie ſich das alles fügen muß!
716 4935 2686 5099 Fürwahr! es iſt Homunkulus.
768 5079 2955 5270 Woher des Wegs, du Kleingeſelle?
