4096 6144
1351 855 2053 1024 Ritterſaal
1105 1024 2362 1191 Dam̄ernde Beleuchtung,
1355 1163 2235 1361 Kaiſer u. Hof,
1396 1365 2239 1532 ſind eingezogen.
1505 1704 2012 1935 Herold.
631 1942 3102 2123 Mein alt Geſchäft, das Schauſpiel anzukünden,
621 2109 3174 2276 Verküm̄ert mir der Geiſter heimlich Walten;
641 2276 3293 2447 Vergebens wagt man aus verſtändigen Gründen,
631 2433 3170 2600 Sich zu erklären das verworrene Schalten.
621 2590 3123 2778 Die Seſſel ſind, die Stühle ſchon zur Hand;
610 2761 3293 2932 Den Kaiſer ſetzt man grade vor die Wand;
583 2925 3225 3109 Auf den Tapeten mag er da die Schlachten
614 3099 3239 3276 Der großen Zeit beqeuuemlichſtens betrachten.
721 3225 942 3394 Hier
607 3276 3310 3485 Auch ſitzt ſchon alles, Herr und Hof im Runde,
1459 3210 1720 3343 nun
621 3467 3201 3659 Die Bäncke drängen ſich im Hintergrunde;
628 3631 3170 3822 Auch Liebchen hat, in düſtern Geiſterſtunden,
628 3809 3170 3997 Zur Seite Liebchens lieblich Raum gefunden.
655 3973 3198 4164 Und ſo, da alle ſchicklich Platz genommen,
634 4164 3273 4365 Sind wir bereit, die Geiſter mögen kommen!
