4096 6144
2116 699 2696 860 Hauptweib.
1563 894 3334 1054 Mit Drachen mag der Drache geitzen,
1566 1030 3307 1218 Iſt’s doch am Ende Lug’ und Trug!
1597 1157 3445 1377 Er kommt die Männer aufzureizen
1576 1338 3256 1525 Sie ſind ſchon unbequem genug.
2085 1525 2955 1693 Weiber in Maſſe.
1594 1696 3655 1877 Der Strohmann! Reich ihm eine Schlappe!
1607 1863 3652 2024 Was will das Marterholz uns dräuen?
1617 1996 3498 2184 Wir ſollen ſeine Fratze ſcheuen!
1607 2167 3614 2365 Die Drachen ſind von Holz und Pappe,
1590 2324 3556 2522 Friſch an und dringt auf ihn hinein!
2170 2508 2611 2703 Herold.
1648 2655 3556 2853 Bey meinem Stabe! Ruh gehalten! –
1648 2843 3536 2976 Doch braucht es meiner Hülfe kaum,
1877 2938 3020 3037 wie die grimmen Unge
1679 3000 3280 3143 Seht die bezauberten Geſtalten
1704 3077 2088 3200 Bewegt
1675 3136 3512 3293 Wie ſie im raſch gewonnenen Raum
1669 3266 3409 3447 Das Doppel=Flügelpaar entfalten.
1686 3406 3467 3594 Entrüſtet ſchütteln ſich der Drachen
1689 3553 3454 3730 Umſchuppte, feuerſpeiende Rachen;
1693 3703 3587 3891 Die Menge flieht, rein iſt der Platz.
2201 3865 3671 4085 Plutus /: ſteigt vom Wagen :/
2170 4089 2604 4256 Herold.
1662 4215 3126 4379 Er tritt herab wie königlich!
1684 4316 3363 4526 Er winkt, die Drachen rühren ſich
1658 4478 3379 4645 Die Kiſte haben ſie vom Wagen,
1686 4631 3563 4799 Mit Gold und Geitz herangetragen,
1665 4768 3307 4915 Sie ſteht zu ſeinen Füßen da.
1648 4869 3512 5099 Ein Wunder iſt’seswie’ es geſchah.
