4096 6144
1571 849 2903 1122 Fauſt /: zum Kaiſer :/
1078 1082 3133 1269 Von Tauben haſt du ja vernommen,
1080 1223 3148 1423 Die aus den fernſten Landen kom̄en,
1058 1392 2928 1573 Zu ihres Neſtes Brut und Koſt.
1092 1559 3215 1723 Hier iſt’s, mit wichtigen Unterſchieden;
1075 1679 3087 1879 Die Taubenpoſt bedient den Frieden,
1058 1863 3160 2027 Der Krieg befiehlt die Rabenpoſt.
1573 2041 1966 2215 Meph.
1054 2124 3230 2385 Es meldet ſich ein ſchwer Verhängniß,
1075 2341 3119 2532 Seht hin! gewahret die Bedrängniß
1078 2494 3000 2679 Um unſrer Helden Felſenrand.
1049 2647 3179 2872 Die nächſten Höhen ſind erſtiegen,
1075 2816 3271 3020 Und würden ſie den Paß beſiegen,
1078 3010 3164 3194 Wir hätten einen ſchweren Stand.
1573 3188 2048 3379 Kaiſer.
1071 3345 2990 3522 So bin ich endlich doch betrogen!
1088 3519 3174 3713 Ihr habt mich in das Netz gezogen,
1064 3689 3188 3911 Mir graut ſeitdem es mich umſtrickt.
1594 3887 2058 4072 Mephiſt.
1070 4060 3281 4254 Nur Muth! Noch iſt es nicht mißglückt.
1054 4198 3302 4459 Geduld und Pfiff zum letzten Knoten;
1051 4406 3095 4632 Gewöhnlich gehts am Ende ſcharf.
1088 4549 2973 4737 Ich habe meine ſichern Boten,
1064 4703 3020 4898 Befehlt daß ich befehlen darf.
1530 4838 3461 5120 Ob. Gen. /: der indeßen herangekom̄en /
1034 5017 2974 5232 Mit dieſen haſt du dich vereinigt,
1044 5201 3095 5403 Mich hat’s die ganze Zeit gepeinigt,
