4096 6144
651 768 2996 948 Was iſt ſie nun ſeit meiner Prieſterſchaft?
655 914 3116 1095 Erſt wünſchenswerth, gegründet, dauerhaft!
651 1058 2921 1221 Verſchwinde mir des Lebens Athemkraft,
682 1201 3082 1378 Wenn ich mich je von Dir zurückgewöhne! –
634 1361 2986 1525 Die Wohlgeſtalt die mich voreinſt entzückte,
624 1491 2420 1669 In Zauberſpiegelung beglückte,
648 1634 3140 1812 War nur ein Schaumbild ſolcher Schöne! –
631 1781 3065 1952 Du biſt’s der ich die Regung aller Kraft,
641 1935 2607 2102 Den Inbegriff der Leidenſchaft,
628 2075 3249 2290 Dir Neigung, Lieb, Anbetung, Wahnſinn zolle.
1440 2256 2914 2416 Meph. /: aus dem Kaſten :/
669 2375 3256 2553 So faßt euch doch, und fallt nicht aus der Rolle!
1385 2532 2245 2672 Ältere Dame
679 2614 3140 2833 Groß, wohlgeſtaltet, nur der Kopf zu klein.
1529 2761 2058 2874 Jüngere.
686 2833 3232 3027 Seht nur den Fuß! Wie könnt’ er plumper ſeyn!
1505 2990 2119 3109 Diplomat.
621 3072 2826 3269 Fürſtinnen hab ich dieſer Art geſehn,
709 3198 3239 3396 Mich däucht ſie iſt vom Kopf zum Fuße ſchön.
1530 3328 2160 3537 Hofmann.
699 3478 3031 3662 Sie nähert ſich dem Schläfer liſtig mild.
1546 3607 1993 3727 Dame.
709 3689 3048 3901 Wie häßlich neben jugendreinem Bild!
1628 3819 2001 3993 Poet.
720 3962 2996 4160 Von ihrer Schönheit iſt er angeſtrahlt.
1628 4106 1989 4232 Dame.
733 4184 2860 4396 Endymion und Luna! wie gemahlt!
1549 4331 2205 4478 Derſelbe.
727 4468 3242 4666 Ganz recht! Die Göttin ſcheint herabzuſinken,
730 4614 3232 4802 Sie neigt ſich über, ſeinen Hauch zu trinken;
713 4761 3280 4932 Beneidenswerth! – Ein Kuß! – Das Maas iſt voll.
1594 4945 2119 5051 Duena.
720 5031 2959 5232 Vor allen Leuten! Das iſt doch zu toll!
3150 580 3229 686 50
