4096 6144
976 532 1030 651 8
1648 829 3229 1017 Jedoch am Ende fehlts an Wein.
1658 976 3785 1184 Wenn ſonſt im Keller Faß an Faß ſich häufte,
1648 1157 3317 1351 Der beſten Berg= und Jahresläufte,
1655 1324 3201 1518 So ſchlürft unendliches Geſäufte
1655 1481 3618 1662 Der edlen Herrn den letzten Tropfen aus.
1652 1638 3840 1832 Der Stadtrath muß ſein Lager auch verzapfen,
1669 1792 3710 2010 Man greift zu Humpen, greift zu Napfen,
1669 1966 3502 2150 Und unterm Tiſche liegt der Schmaus.
1672 2143 3164 2307 Nun ſoll ich zahlen, alle lohnen,
1662 2293 3423 2464 Der Jude wird mich nicht verſchonen,
1645 2450 3061 2614 Der ſchafft Anticipationen,
1655 2594 3341 2768 Die ſpeiſen Jahr um Jahr voraus.
1645 2747 3420 2918 Die Schweine kommen nicht zu Fette,
1669 2891 3505 3065 Verpfändet iſt der Pfül im Bette,
1638 3034 3785 3235 Und auf den Tiſch kommt vorgegeſſen Brot.
1914 3287 3781 3461 Kaiſer /: nach einigem Nachdenken, zu
2768 3433 3314 3590 Mephiſto :/
1675 3566 3836 3751 Sag, weiſt du Narr nicht auch noch eine Noth?
2020 3758 2532 3935 Mephiſto.
1679 3891 3754 4102 Ich? keineswegs. Den Glanz umher zu ſchauen,
1658 4048 3737 4232 Dich und die Deinen! – Mangelte Vertrauen
1693 4212 3420 4386 Wo Majeſtät unweigerlich gebeut?
1669 4348 3546 4522 Bereite Macht, Feindſeliges zerſtreut,
1696 4485 3717 4669 Wo guter Wille, kräftig durch Verſtand
1679 4642 3659 4802 Und Thätigkeit, vielfältige, zur Hand?
1696 4785 3775 4925 Was könnte da zum Unheil ſich vereinen,
1617 4874 3763 5120 Zur Finſterniß wo ſolche Sterne ſcheinen?
