4096 6144
791 873 3000 1054 Was er den Treuſten in das Ohr geraunt,
819 1024 2949 1249 Es iſt gethan und alle Welt erſtaunt.
812 1221 2870 1399 So wird er ſtets der höchſte ſeyn,
1960 1162 2242 1295 Aller
781 1385 3160 1587 Der Würdigſte –, Genießen macht gemein.
1559 1573 2037 1761 Mephiſt.
819 1730 3143 1931 So iſt er nicht! Er ſelbſt genoß und wie?
822 1911 2990 2075 Indeß zerfiel das Reich in Anarchie,
832 2037 3375 2259 Wo Groß und klein ſich kreuz und queer befehdeten,
824 2216 3128 2416 Und Brüder ſich vert eben, tödteten.
824 2401 3148 2616 Burg gegen Burg, Stadt gegen Stadt,
791 2600 2822 2781 Zunft gegen Adel – Fehde hat,
822 2751 3181 2959 Der Biſchoff mit Capitel und Gemeinde;
849 2918 2913 3143 Was ſich nur anſah waren Feinde.
785 3068 3252 3300 In Kirchen Mord und Todtſchlag, vor den Thoren
844 3230 3328 3461 Iſt jeder Kauf= und Wandersmann verloren.
836 3437 3222 3642 Und allen wuch’s die Kühnheit nicht gering;
802 3614 3252 3846 Denn leben hieß ſich wehren – Nun das ging.
1433 3824 1879 4075 Fauſt.
812 4034 3331 4246 Es ging, es hinkte, fiel, ſtand wieder auf;
795 4239 3372 4437 Dann überſchlug ſich’s, rollte plump zu Hauf.
1489 4464 2032 4684 Mephiſt.
808 4582 3363 4833 Und ſolchen Zuſtand durfte niemand ſchelten,
798 4807 3041 4981 Ein jeder konnte, jeder wollte gelten.
788 4961 2990 5145 Der Kleinſte ſelbſt er galt für voll.
808 5130 3112 5321 Doch war’s zuletzt den Beſten allzutoll.
