4096 6144
1300 853 2566 1027 Brandung hervor
834 947 3097 1213 Die rothe Flut ſchlägt her bis an die Zähne,
860 1136 3249 1320 Verdammte, Rettung hoffend, ſchwim̄en an;
863 1293 3106 1484 Doch coloſſal zerknirſcht ſie die Hyäne
866 1433 2932 1607 Und ſie erneuen ängſtlich heiſſe Bahn.
896 1536 3240 1766 In Winkeln bleibt noch vieles zu entdecken,
894 1703 3263 1914 So viel Erſchrecklichſtes im engſten Raum!
865 1827 3415 2083 Ihr thut ſehr wohl die Sünder zu erſchrecken
901 1966 3271 2170 Sie haltens doch für Lug und Trug und Traum.
1116 2083 3415 2319 /: Zu den Dickteufeln vom kurzen, graden Horne :/
1223 2216 3415 2447 Nun wanſtige Schuften mit den Feuerbacken!
885 2339 3333 2600 Ihr glüht ſo recht vom Höllenſchwefel feiſt;
875 2483 3297 2713 Klotzartige, kurze, nie bewegte Nacken
911 2658 3358 2860 Hier unten lauert ob’s wie Phosphor gleißt:
880 2795 3280 2993 Das iſt das Seelchen, Pſyche mit den Flügeln,
884 2938 3403 3160 Die rupft ihr aus ſo iſts ein garſtiger Wurm;
826 3089 3304 3283 Mit meinem Stempel will ich ſie beſiegeln
918 3239 3304 3423 Dan̄ fort mit ihr im Feuer=Wirbel=Sturm.
1126 3430 3106 3621 Paßt auf die niedern Regionen,
925 3570 2816 3764 Ihr Schläuche, das iſt eure Pflicht;
914 3717 2846 3887 Ob’s ihr beliebte da zu wohnen,
938 3860 2856 4014 So accurat weiß man das nicht.
955 3986 2809 4177 Im Nabel iſt ſie gern zu Haus,
925 4140 3379 4273 Nehmt es in Acht ſie wiſcht euch dort heraus.
1030 4239 3351 4423 /: Zu den Dürrteufeln vom langen, krummen
3051 4300 3399 4480 Horne :/
1111 4352 3287 4551 Ihr Firlefanze, flügelmänniſche Rieſen,
901 4515 3358 4710 Greift in die Luft, verſucht euch ohne Raſt;
829 4654 3368 4879 Die Arme ſtrack, die Klauen ſcharf gewieſen,
914 4823 3249 5024 Daß ihr die flatternde, die Flüchtige faßt.
896 4966 3087 5176 Es iſt ihr ſicher ſchlecht im alten Haus
931 5120 3159 5335 Und das Genie es will gleich obenaus.
