4096 6144
682 860 3263 1051 Was man an der Natur geheimnißvolles prieß,
689 1044 3119 1218 Das wagen wir verſtändig zu probiren,
703 1187 2740 1365 Und was ſie ſonſt organiſiren ließ,
716 1320 2539 1541 Das laſſen wir kryſtalliſiren.
1419 1549 1805 1720 Meph.
709 1689 2689 1863 Wer lange lebt hat viel erfahren,
706 1843 3273 2037 Nichts Neues kann für ihn auf dieſer Welt geſchehn,
650 1976 2856 2211 Ich habe ſchon, in meinen Wanderjahren,
706 2167 2805 2365 Kryſtalliſirtes Menſchenvolk geſehn.
1310 2348 3290 2542 Wagner. /: bisher immer aufmerkſam
723 2577 2761 2768 Es ſteigt, es blitzt, es häuft ſich an,
2146 2464 3092 2635 auf die Phiole :/
676 2717 2447 2952 Im Augenblick iſt es gethan.
768 2836 3097 3087 Ein großer Vorſatz ſcheint im Anfang toll,
788 3024 3130 3198 Doch wollen wir des Zufalls künftig lachen,
795 3184 3136 3372 Und ſo ein Hirn, das trefflich denken ſoll,
785 3368 3112 3543 Wird künftig auch ein Denker machen.
1303 3525 3024 3717 / Entzückt die Phiole betrachtend :/
754 3682 3140 3819 Das Glas erklingt von lieblicher Gewalt,
773 3788 3184 3957 Es trübt, es klärt ſich; alſo muß es werden!
742 3921 2467 4131 Ich ſeh’ in zierlicher Geſtalt
798 4070 2780 4305 Ein artig Männlein ſich gebärden.
808 4259 3307 4403 Was wollen wir, was will die Welt nun mehr?
754 4396 2699 4587 Denn das Geheimniß liegt am Tage.
812 4563 2682 4727 Gebt dieſem Laute nur Gehör,
791 4710 3157 4901 Er wird zur Stimme, wird zur Sprache.
3181 559 3280 651 60
