4096 6144
3140 692 3269 863 23
1450 887 2850 1143 Trunkner. / unbewußt. :/
976 1112 2372 1293 Sey mir heute nichts zuwider!
962 1245 2382 1423 Fühle mich ſo frank und frey;
969 1392 2454 1570 Friſche Luft und heitre Lieder
976 1518 2409 1716 Holt ich ſelbſt ſie doch herbey.
979 1658 2512 1822 Und ſo trink ich! trinke, trinke.
969 1798 2478 1969 Stoßet an ihr! Tinke, Tinke!
979 1938 2467 2106 Du dorthinten komm heran.
1006 2082 2433 2269 Stoßet an, ſo iſt’s gethan
1133 2344 2935 2539 Schrie mein Weibchen doch entrüſtet
996 2495 2563 2689 Rümpfte dieſem bunten Rock,
1006 2641 2665 2856 Und, wie ſehr ich mich gebrüſtet,
989 2795 2577 3010 Schalt mich einen Maskenſtock.
989 2966 2761 3157 Doch ich trinke! Trinke, Trinke!
1003 3140 2652 3328 Angeklungen! Tinke, Tinke!
1000 3300 2464 3485 Maskenſtöcke ſtoßet an!
1013 3461 2672 3648 Wenn es klingt ſo iſt’s gethan.
1194 3737 2860 3911 Saget nicht daß ich verirrt bin,
996 3911 2573 4085 Bin ich doch wo mir’s behagt.
1013 4065 3194 4256 Borgt der Wirth nicht, borgt die Wirthin,
566 4215 2713 4410 borgt Und am Ende kneipt die Magd.
1006 4389 2819 4532 Immer trink ich! Trinke, Trinke!
989 4543 2775 4689 Auf ihr Andern! Tinke Tinke!
989 4700 2583 4867 Jeder jedem! ſo fortan
1000 4860 2863 5044 Dünkt mich’s doch es ſey gethan.
