4096 6144
1245 986 4017 1204 Der Freyheit holder, tauſendblumiger Kranz zerreißt,
1286 1167 4027 1378 Der ſtarre Lorbeer ſich ums Haupt des Herrſchers biegt.
1269 1331 3952 1553 Hier träumte Magnus früher Größe Blütentag,
1256 1495 4024 1720 Dem ſchwanken Zünglein lauſchend wachte Cäſar dort!
1245 1665 4017 1890 Das wird ſich meſſen. Weis die Welt doch wem’s gelang.
2749 1602 2836 1776 ß
1522 1904 3874 2119 Wachfeuer glühen, rothe Flam̄en ſpendende,
1285 2073 3993 2298 Der Boden haucht vergoßnen Blutes Wiederſchein,
1274 2268 3993 2503 Und angelockt von ſeltnem Wunderglanz der Nacht,
1269 2457 3624 2710 Verſam̄elt ſich helleniſcher Sage Legion.
1259 2669 3857 2884 Um alle Feuer ſchwankt unſicher, oder ſitzt
1256 2867 3908 3116 Behaglich, alter Tage fabelhaft Gebild...
1252 3085 4010 3293 Der Mond, zwar unvollkom̄en, aber leuchtend hell,
1232 3287 3904 3488 Erhebt ſich, milden Glanz verbreitend überall;
1223 3461 3973 3783 Der Zelten Trug verſchwindet, Feuer brennen blau.
1573 3737 3976 3932 Doch! über mir! welch unerwartet Meteor?
1221 3911 3843 4164 Es leuchtet und beleuchtet körperlichen Ball.
1182 4136 3973 4403 Ich wittre Leben. Da geziemen will mirs nicht
1228 4321 3761 4543 Lebendigem zu nahen, dem ich ſchädlich bin;
1228 4509 3986 4696 Das bringt mir böſen Ruf und from̄t mir nicht.
1256 4717 4003 4942 Schon ſinkt es nieder. Weich’ ich aus mit Wohlbedacht!
2109 4922 3198 5178 /: Entfernt ſich :/
