4096 6144
1331 822 2583 1024 Mephiſt. /: ad Spectatores
843 1034 3031 1204 Da iſt für mich nichts Neues zu erfahren,
849 1191 3157 1385 Das kenn ich ſchon ſeit hunderttauſend Jahren.
1361 1378 3280 1576 Fauſt. /: leidenſchaftlich fortfahrend :/
877 1580 3194 1751 Sie ſchleicht heran, an aber tauſend Enden
873 1730 3368 1904 Unfruchtbar ſelbſt Unfruchtbarkeit zu ſpenden,
860 1894 3348 2071 Nun ſchwillt’s und wächſt und rollt und überzieht
832 2068 2966 2218 Der wüſten Strecke widerlich Gebiet.
853 2228 3351 2413 Da herrſchet Well auf Welle kraftbegeiſtet,
829 2399 3112 2580 Zieht ſich zurück und es iſt nichts geleiſtet.
860 2570 3396 2764 Was zur Verzweiflung mich beängſtigen könnte,
798 2757 3263 2945 Zweckloſe Kraft, unbändiger Elemente!
815 2952 3389 3119 Da wagt mein Geiſt ſich ſelbſt zu überfliegen,
860 3123 3399 3307 Hier möcht’ ich kämpfen, dieß möcht ich beſiegen.
959 3314 3174 3495 Und es iſt möglich, fluthend wie ſie ſey,
788 3467 3205 3682 An jedem Hügel ſchmiegt ſie ſich vorbey;
815 3659 3157 3843 Sie mag ſich noch ſo übermüthig regen,
802 3836 3112 4020 Geringe Höhe ragt ihr ſtolz entgegen,
785 4020 2877 4198 Geringe Tiefe zieht ſie mächtig an.
764 4164 3355 4355 Da faßt ich ſchnell im Geiſte Plan auf Plan:
853 4345 3054 4509 Erlange dir das köſtliche Genießen
826 4491 3280 4683 Das herriſche Meer vom Ufer auszuſchlieſſen,
791 4648 3150 4850 Der feuchten Breite Gränzen zu verengen
815 4805 3174 4993 Und, weit hinein, ſie in ſich ſelbſt zu drängen.
815 4932 3372 5123 Von Schritt zu Schritt wuſſt ich mirs zu erörtern;
826 5055 3269 5259 Das iſt mein Wunſch, den wage zu befördern.
1191 5212 3358 5389 /: Trom̄eln und kriegeriſche Muſick im Rücken
1163 5341 3293 5512 der Zuſchauer, aus der Ferne, von der rechten
1426 5437 1993 5649 Seite her :/
3263 679 3399 764 146
