4096 6144
959 532 1140 669 12.
2075 703 2768 901 Schatzmeiſter
1450 901 3792 1082 Für einen Narren ſpricht er gar nicht ſchlecht,
1467 1054 3713 1239 Das iſt fürwahr des alten Kaiſers Recht.
2129 1249 2604 1389 Canzler.
1484 1409 3802 1648 Der Satan legt euch goldgewirckte Schlingen:
1515 1617 3775 1815 Es geht nicht zu mit from̄en, rechten Dingen.
2160 1815 2805 2010 Marſchalk
1498 1966 3857 2215 Schafft’ er uns nur zu Hof willkom̄ne Gaben,
1597 2150 3788 2368 Ich wollte gern ein Bischen Unrecht haben.
2153 2365 2877 2539 Heermeiſter.
1498 2522 3921 2761 Der Narr iſt klug, verſpricht was jedem from̄t;
1443 2706 3795 2959 Fragt der Soldat doch nicht woher es kommt.
2167 2945 2734 3160 Mephisto.
1515 3095 3891 3314 Und glaubt ihr euch vielleicht durch mich betrogen;
1525 3280 3822 3522 Hier ſteht ein Mann! da! fragt den Aſtrologen,
1539 3440 3846 3686 In Kreis’ um Kreiſe kennt er Stund und Haus,
1529 3624 3795 3874 So ſage denn wie ſieht’s am Himmel aus?
2146 3894 2826 4034 Gemurmel.
1512 4044 3775 4311 Zwey Schelme ſinds – Verſtehn ſich ſchon –
1556 4249 3809 4454 Narr und Phantaſt – So nah dem Thron
1559 4454 3485 4672 –Ein mattgeſungen – alt Gedicht –
1549 4638 3816 4857 Der Thor bläſt ein – der Weiſe ſpricht –
