4096 6144
1396 880 3324 1044 Dem Tragaltar, dem goldgehörnten, gebet Platz,
1409 1017 3420 1167 Das Beil, es liege blinkend über dem Silberrand,
1399 1167 3280 1351 Die Waſſerkrüge füllet, abzuwaſchen giebt’s
1406 1327 3413 1495 Des ſchwarzen Blutes greuelvolle Beſudelung.
1399 1471 3478 1652 Den Teppich breitet köſtlich hier am Staube hin,
1392 1607 3188 1809 Damit das Opfer niederkniee königlich,
1382 1795 3614 1972 Und eingewickelt, zwar getrennten Haupts, ſogleich
1402 1928 3208 2140 Anſtändig würdig, aber doch beſtattet ſey.
1952 2194 2413 2385 Chorführ.
1416 2416 3584 2597 Die Königin ſtehet ſinnend an der Seite hier,
1406 2611 3751 2778 Die Mädchen welken gleich gemähtem Wieſengras;
1419 2764 3829 2962 Mir aber däucht, der Aelteſten, heiliger Pflicht gemäß
1416 2942 3584 3109 Mit dir das Wort zu wechſeln, Ur„Urälteſte.
1399 3126 3710 3321 Du biſt erfahren, weiſe, ſcheinſt uns gutgeſinnt,
1426 3297 3781 3512 Ob ſchon verkennend hirnlos dieſe Schaar dich traf.
1416 3498 3809 3700 Drum ſage, was du möglich noch von Rettung weißt.
1996 3655 2368 3863 Phork:
1508 3969 3853 4191 Iſt leicht geſagt: Von der Königin hängt allein es ab
1447 4147 3648 4369 Sich ſelbſt zu erhalten, euch Zug‿aben auch mit ihr.
1454 4352 3532 4580 Entſchloſſenheit iſt nöthig und die behendeſte.
