4096 6144
1228 803 2032 967 Der Herold.
798 947 3281 1162 (Kündigt verſch. Poeten an. Naturdichter,
1716 969 1979 1044 iedene
935 1133 3174 1303 Hof= und Ritterſänger, Zärtliche ſo wie
945 1280 3140 1491 Enthuſiaſten. Im Gedräng von Andern
2358 1225 3072 1338 Mitwerbern
947 1428 3138 1612 aller Art, wobey keiner den Andern
1699 1392 1976 1505 läßt
935 1570 3123 1737 zum Vortrag kom̄en läßt. Einer
969 1716 3208 1894 ſchleicht mit wenigen Worten vorbey)
1525 1868 2206 2088 Satyriker.
1160 2048 2658 2211 Wißt ihr was mich Poeten
1187 2181 2747 2355 Erſt recht erfreuen ſollte?
1150 2348 2713 2512 Dürft ich ſingen und reden
1191 2495 2723 2648 Was niemand hören wollte.
691 2616 3338 2841 (Die Nacht= und Grabdichter laſſen ſich entſchuldigen,
791 2802 3310 2966 weil ſie ſo eben im intereſſanteſten Geſpräch
805 2935 3266 3082 mit einem neuerſtandenen Vampiren begriffen
1341 2892 1602 3015 friſch
798 3089 3252 3232 ſeyen; woraus eine neue Dichtart ſich vielleicht
788 3184 3292 3363 entwickeln könnte; der Herold muß es gelten laſſen
819 3312 3230 3466 und ruft indeſſen die griech. Mythologie hervor,)
819 3420 3194 3599 die, ſelbſt in moderner Maske, weder Charackter
834 3517 2140 3659 noch Gefälliges verliehrt.)
