<?xml version="1.0" encoding="UTF-8"  standalone="yes"?>
<PcGts xmlns="http://schema.primaresearch.org/PAGE/gts/pagecontent/2019-07-15" xmlns:xsi="http://www.w3.org/2001/XMLSchema-instance" xsi:schemaLocation="http://schema.primaresearch.org/PAGE/gts/pagecontent/2019-07-15 http://schema.primaresearch.org/PAGE/gts/pagecontent/2019-07-15/pagecontent.xsd">
  <Metadata>
	<Creator>escriptorium</Creator>
	<Created>2023-07-08T12:30:01.742576+00:00</Created>
        <LastChange>2023-07-08T12:30:01.742589+00:00</LastChange>

  </Metadata>
  <Page imageFilename="391098_0016_0.jpg" imageWidth="4096" imageHeight="6144">

    
    <TextRegion id="eSc_textblock_4baa52ea"  custom="structure {type:text;}">
      <Coords points="2590,764 2689,914 3136,969 3249,1078 3409,1133 3409,1402 3273,1706 3232,2112 3317,2198 3546,2239 3573,2413 3532,2522 3328,2662 3300,2798 3314,3082 3423,3481 3437,4024 3355,4311 3464,4423 3478,4584 3437,5021 3232,5198 2416,5239 1474,5212 1433,5171 1392,3167 1447,1037 1515,969 1867,942 1966,750 2085,723"/>
      
      
      <TextLine id="eSc_line_0174e077" custom="structure {type:default;}">
        <Coords points="2604,798 2529,798 2522,791 2454,750 2450,750 2430,747 2331,781 2283,802 2225,802 2198,778 2153,737 2150,737 2146,737 2017,737 2013,737 2010,737 2007,737 1972,757 1976,866 1979,962 2013,945 2198,948 2495,959 2498,959 2501,959 2505,959 2505,955 2532,931 2532,928 2614,925 2614,860 2607,798 2604,798"/>
        <Baseline points="1976,866 2614,860"/>
        <TextEquiv>
          <Unicode>Heermeiſter.</Unicode>
        </TextEquiv>
      </TextLine>

      
      
      <TextLine id="eSc_line_a729799d" custom="structure {type:default;}">
        <Coords points="1467,1099 1467,1122 1853,1136 1856,1136 1860,1136 1918,1112 1921,1109 2071,1109 2078,1109 2222,1129 2225,1129 2699,1092 2754,1088 2768,1088 2880,1112 2884,1112 3140,1078 3143,1054 3130,976 3044,1006 2874,1010 2850,986 2839,979 2839,976 2836,976 2833,976 2757,976 2754,976 2751,976 2747,976 2720,993 2689,1013 2662,996 2635,979 2631,979 2628,979 2624,979 2621,979 2549,1003 2484,1024 2382,1024 2362,1010 2321,989 2317,989 2314,989 2310,989 2259,1013 2232,1027 2205,1017 2157,1000 2153,1000 2150,1000 2146,1000 2143,1000 2116,1020 2106,1030 2068,1024 2013,1013 2010,1013 2007,1013 1955,1027 1914,1000 1911,1000 1908,1000 1904,1000 1901,1000 1805,1034 1781,1013 1781,1010 1778,1010 1774,1010 1771,1010 1768,1010 1713,1041 1710,1041 1662,1006 1658,1006 1655,1006 1597,1006 1594,1006 1590,1006 1587,1006 1546,1041 1508,1024 1505,1024 1501,1024 1498,1024 1495,1024 1464,1041 1467,1099"/>
        <Baseline points="1467,1099 3143,1054"/>
        <TextEquiv>
          <Unicode>Wie tobts in dieſen wilden Tagen!</Unicode>
        </TextEquiv>
      </TextLine>

      
      
      <TextLine id="eSc_line_2fe7b0fe" custom="structure {type:default;}">
        <Coords points="1467,1245 1467,1327 1706,1324 1710,1324 1723,1317 1832,1259 1935,1303 1959,1314 1962,1314 1966,1317 2068,1317 2068,1314 2071,1314 2075,1314 2106,1293 2123,1283 2153,1290 2215,1307 2218,1307 2222,1307 2225,1307 2228,1307 2259,1283 2317,1245 2420,1262 2423,1262 2556,1239 2645,1259 2648,1259 2652,1259 2839,1232 2891,1245 3020,1286 3024,1286 3027,1286 3031,1286 3034,1286 3099,1235 3109,1225 3119,1232 3181,1266 3184,1266 3188,1266 3191,1266 3194,1266 3246,1225 3269,1239 3273,1239 3276,1239 3386,1215 3389,1191 3382,1140 3143,1116 3140,1116 3051,1119 3048,1119 3044,1119 2996,1150 2986,1157 2867,1157 2860,1153 2816,1129 2812,1129 2809,1129 2805,1129 2754,1157 2747,1160 2744,1157 2682,1129 2679,1129 2676,1129 2672,1129 2607,1150 2423,1136 2420,1136 2416,1136 2413,1136 2413,1140 2385,1167 2385,1170 2382,1167 2338,1146 2334,1146 2331,1146 2327,1146 2273,1170 2266,1174 2252,1174 2106,1146 2102,1146 2099,1146 2095,1146 2058,1177 2051,1184 1938,1184 1931,1181 1860,1153 1856,1153 1853,1153 1850,1153 1846,1153 1846,1157 1815,1184 1812,1187 1809,1187 1737,1160 1733,1160 1730,1160 1727,1160 1723,1160 1723,1163 1693,1191 1689,1191 1686,1191 1587,1160 1583,1160 1580,1160 1576,1160 1464,1191 1467,1245"/>
        <Baseline points="1467,1245 3389,1191"/>
        <TextEquiv>
          <Unicode>Ein jeder ſchlägt und wird erſchlagen</Unicode>
        </TextEquiv>
      </TextLine>

      
      
      <TextLine id="eSc_line_cdbb6834" custom="structure {type:default;}">
        <Coords points="1477,1409 1477,1423 1583,1450 1587,1450 1989,1416 2092,1409 2146,1416 2269,1430 2273,1430 2276,1430 2280,1430 2304,1413 2324,1402 2461,1409 2580,1416 2583,1416 2624,1409 2693,1392 2802,1406 2874,1413 2877,1413 2935,1402 3058,1382 3109,1402 3123,1406 3126,1406 3130,1406 3133,1406 3136,1406 3143,1399 3167,1382 3208,1399 3211,1399 3215,1399 3218,1399 3266,1378 3368,1396 3372,1355 3368,1297 3341,1269 3341,1266 3338,1266 3334,1266 3331,1266 3167,1269 3164,1269 3072,1303 2833,1307 2785,1283 2781,1283 2778,1283 2775,1283 2771,1283 2744,1300 2676,1283 2672,1283 2669,1283 2587,1286 2583,1286 2580,1286 2553,1310 2488,1290 2484,1290 2481,1290 2478,1290 2474,1290 2423,1324 2211,1324 2092,1300 2088,1300 2085,1300 2017,1331 1955,1303 1952,1303 1949,1303 1945,1303 1942,1303 1908,1334 1836,1307 1832,1307 1829,1307 1826,1307 1822,1307 1781,1338 1716,1320 1713,1320 1710,1320 1706,1320 1703,1320 1703,1324 1699,1324 1686,1341 1682,1341 1587,1324 1583,1324 1474,1344 1477,1409"/>
        <Baseline points="1477,1409 2392,1372 3372,1355"/>
        <TextEquiv>
          <Unicode>Und für’s Commando bleibt man taub.</Unicode>
        </TextEquiv>
      </TextLine>

      
      
      <TextLine id="eSc_line_d5065d17" custom="structure {type:default;}">
        <Coords points="1464,1570 1464,1594 1628,1611 1631,1611 1634,1611 1693,1590 1856,1634 1860,1634 1863,1634 1938,1631 1942,1631 1945,1631 1945,1628 1969,1604 2024,1628 2027,1628 2030,1628 2164,1624 2167,1624 2290,1573 2338,1597 2341,1597 2344,1597 2348,1597 2402,1576 2437,1611 2437,1614 2440,1614 2443,1614 2447,1614 2706,1556 2798,1573 2802,1573 2805,1573 2809,1573 2836,1553 2955,1563 2959,1563 2962,1563 3013,1546 3102,1573 3106,1573 3109,1573 3112,1573 3174,1553 3246,1570 3249,1570 3252,1570 3256,1570 3259,1570 3259,1566 3290,1532 3290,1515 3283,1467 3170,1443 3167,1443 3031,1474 3020,1474 2966,1430 2962,1430 2959,1430 2955,1430 2952,1430 2822,1477 2816,1481 2809,1481 2727,1440 2723,1440 2655,1440 2652,1440 2600,1443 2597,1443 2594,1443 2536,1488 2529,1495 2406,1495 2399,1491 2372,1467 2372,1464 2368,1464 2365,1464 2362,1464 2358,1464 2310,1491 2259,1454 2256,1454 2252,1454 2249,1454 2245,1454 2160,1498 2143,1508 1966,1508 1955,1505 1911,1467 1908,1467 1904,1467 1853,1467 1850,1467 1846,1467 1706,1512 1675,1522 1604,1522 1594,1515 1559,1481 1559,1477 1556,1477 1553,1477 1549,1477 1546,1477 1460,1512 1464,1570"/>
        <Baseline points="1464,1570 1996,1566 2809,1525 3290,1515"/>
        <TextEquiv>
          <Unicode>Der Bürger hinter ſeinen Mauren,</Unicode>
        </TextEquiv>
      </TextLine>

      
      
      <TextLine id="eSc_line_2cf30b15" custom="structure {type:default;}">
        <Coords points="1457,1744 1457,1764 1832,1774 1836,1774 2017,1754 2191,1781 2194,1781 2198,1781 2201,1781 2201,1778 2225,1751 2338,1744 2580,1771 2583,1771 2843,1727 2887,1761 2891,1761 2894,1761 2897,1764 2952,1764 2952,1761 2955,1761 2959,1761 3013,1720 3099,1716 3099,1699 3092,1604 3061,1597 3058,1597 3054,1597 3051,1597 3048,1597 3048,1600 3037,1607 3003,1645 2884,1645 2846,1617 2833,1607 2829,1607 2826,1607 2635,1607 2631,1607 2628,1607 2583,1631 2536,1658 2454,1658 2413,1638 2365,1614 2362,1614 2358,1614 2201,1617 2198,1617 2109,1655 2071,1669 1993,1658 1884,1645 1880,1645 1877,1645 1832,1658 1778,1634 1774,1634 1771,1634 1768,1634 1764,1634 1703,1672 1689,1682 1628,1682 1621,1675 1546,1638 1542,1638 1539,1638 1536,1638 1454,1679 1457,1744"/>
        <Baseline points="1457,1744 3099,1699"/>
        <TextEquiv>
          <Unicode>Der Ritter auf dem Felſenneſt</Unicode>
        </TextEquiv>
      </TextLine>

      
      
      <TextLine id="eSc_line_aef4243d" custom="structure {type:default;}">
        <Coords points="1460,1918 1460,1938 1508,1962 1512,1962 1515,1962 1518,1962 1522,1962 1539,1949 1570,1976 1573,1976 1576,1976 1580,1976 1781,1972 1785,1972 1788,1972 1788,1969 1822,1935 1918,1925 1935,1925 1942,1925 2061,1935 2085,1959 2085,1962 2088,1962 2092,1962 2095,1962 2228,1959 2232,1959 2341,1911 2344,1911 2368,1925 2372,1925 2375,1925 2583,1904 2597,1904 2600,1904 2658,1945 2662,1945 2665,1945 2669,1945 2877,1901 2990,1918 2993,1918 2996,1918 3000,1918 3031,1894 3099,1908 3102,1908 3218,1884 3222,1863 3205,1781 3150,1819 2949,1822 2856,1798 2785,1781 2781,1781 2778,1781 2775,1781 2727,1805 2679,1832 2573,1832 2539,1815 2525,1809 2522,1809 2519,1809 2515,1809 2484,1819 2423,1839 2362,1826 2242,1798 2239,1798 2235,1798 2232,1798 2194,1832 2184,1843 2174,1836 2143,1819 2140,1819 2136,1819 2133,1819 2129,1819 2129,1822 2109,1839 2095,1850 1996,1850 1993,1843 1959,1812 1959,1809 1955,1809 1952,1809 1949,1809 1945,1809 1942,1809 1873,1850 1870,1853 1867,1850 1819,1812 1815,1812 1812,1812 1809,1812 1805,1812 1733,1846 1703,1819 1703,1815 1699,1815 1696,1815 1693,1815 1566,1819 1563,1819 1559,1819 1559,1822 1505,1870 1457,1870 1460,1918"/>
        <Baseline points="1460,1918 3222,1863"/>
        <TextEquiv>
          <Unicode>Verſchwuren ſich uns auszudauren</Unicode>
        </TextEquiv>
      </TextLine>

      
      
      <TextLine id="eSc_line_79f7215a" custom="structure {type:default;}">
        <Coords points="1460,2075 1460,2095 1532,2119 1536,2119 1539,2119 1542,2119 1590,2102 1652,2140 1655,2140 1658,2140 1662,2140 1757,2136 1761,2136 1764,2136 1764,2133 1792,2109 1884,2123 1887,2123 1976,2106 2061,2129 2065,2129 2068,2129 2150,2126 2153,2126 2157,2126 2232,2078 2409,2068 2433,2068 2539,2116 2542,2116 2546,2116 2549,2116 2553,2116 2553,2112 2604,2065 2747,2109 2751,2109 2754,2109 2757,2109 2761,2109 2761,2106 2798,2075 2836,2106 2839,2106 2843,2106 2846,2106 2850,2106 2853,2106 2908,2058 3044,2048 3044,2030 3037,1952 2785,1945 2781,1945 2778,1945 2730,1962 2713,1969 2703,1966 2669,1949 2665,1949 2662,1949 2658,1949 2594,1969 2539,1986 2508,1972 2474,1955 2471,1955 2467,1955 2327,1959 2324,1959 2321,1959 2321,1962 2300,1979 2286,1993 2232,1983 2164,1972 2160,1972 2157,1972 2092,1989 2048,2003 1880,2003 1873,2000 1829,1979 1826,1979 1822,1979 1819,1979 1815,1979 1815,1983 1792,2000 1785,2010 1682,2013 1631,2013 1628,2007 1597,1983 1597,1979 1594,1979 1590,1979 1587,1979 1583,1979 1457,2013 1460,2075"/>
        <Baseline points="1460,2075 3044,2030"/>
        <TextEquiv>
          <Unicode>Und halten ihre Kräfte feſt.</Unicode>
        </TextEquiv>
      </TextLine>

      
      
      <TextLine id="eSc_line_1d79a4c7" custom="structure {type:default;}">
        <Coords points="1447,2245 1447,2280 1553,2263 1614,2276 1652,2286 1655,2286 1658,2286 1662,2286 1665,2286 1665,2283 1675,2276 1689,2259 1730,2273 1733,2273 1737,2273 1740,2273 1744,2273 1751,2273 1792,2256 1809,2269 1853,2304 1856,2304 1860,2304 1863,2304 1986,2300 1989,2300 2065,2259 2102,2256 2252,2242 2269,2249 2307,2266 2310,2266 2314,2266 2317,2266 2368,2245 2385,2235 2549,2232 2563,2235 2648,2276 2652,2276 2655,2280 2740,2280 2740,2276 2744,2276 2747,2276 2809,2225 2812,2222 2891,2222 2894,2222 2945,2266 2945,2269 2949,2269 2952,2269 2955,2269 3068,2266 3072,2266 3075,2266 3102,2242 3133,2252 3136,2252 3140,2252 3143,2252 3147,2252 3188,2215 3188,2191 3181,2136 3048,2102 3044,2102 2918,2106 2914,2106 2911,2106 2846,2146 2843,2146 2836,2146 2672,2112 2669,2112 2665,2112 2573,2153 2573,2157 2409,2160 2406,2160 2338,2123 2334,2123 2331,2123 2327,2123 2324,2123 2286,2153 2252,2126 2249,2126 2245,2126 2242,2126 2239,2126 2174,2150 2119,2129 2116,2129 2112,2129 1976,2133 1972,2133 1969,2133 1914,2174 1795,2143 1792,2143 1788,2143 1785,2143 1781,2143 1740,2181 1737,2184 1604,2184 1566,2153 1566,2150 1563,2150 1559,2150 1556,2150 1553,2150 1549,2150 1508,2187 1505,2191 1443,2191 1447,2245"/>
        <Baseline points="1447,2245 3188,2191"/>
        <TextEquiv>
          <Unicode>Der Miethſoldat wird ungeduldig,</Unicode>
        </TextEquiv>
      </TextLine>

      
      
      <TextLine id="eSc_line_40153788" custom="structure {type:default;}">
        <Coords points="1454,2413 1454,2437 1532,2457 1536,2457 1539,2457 1542,2457 1570,2433 1573,2433 1576,2433 1638,2443 1641,2443 1645,2443 1686,2430 1696,2426 1703,2430 1764,2464 1768,2464 1771,2464 1928,2461 1931,2461 2044,2416 2058,2413 2071,2416 2123,2430 2126,2430 2129,2430 2133,2430 2136,2430 2153,2413 2160,2406 2252,2406 2290,2409 2594,2437 2597,2437 2600,2437 2703,2399 2914,2423 2918,2423 2921,2423 2983,2389 3068,2379 3095,2379 3099,2379 3130,2392 3133,2392 3136,2392 3140,2392 3205,2375 3211,2375 3215,2375 3348,2409 3351,2409 3355,2409 3358,2409 3362,2409 3413,2372 3546,2362 3549,2338 3539,2269 3478,2276 3457,2273 3362,2245 3358,2245 3355,2245 3351,2245 3276,2280 3246,2293 3225,2283 3181,2252 3177,2252 3174,2252 3170,2252 3072,2256 3068,2256 2986,2293 2959,2307 2880,2307 2836,2300 2740,2280 2737,2280 2734,2280 2648,2300 2525,2276 2522,2276 2519,2276 2515,2276 2515,2280 2474,2314 2467,2324 2348,2324 2344,2321 2300,2290 2297,2290 2293,2290 2290,2290 2286,2290 2283,2290 2228,2327 2222,2331 2177,2331 2177,2327 2129,2290 2126,2290 2123,2290 2119,2290 2065,2293 2061,2293 2058,2293 2010,2334 2007,2338 1972,2338 1788,2331 1785,2331 1781,2331 1733,2348 1730,2348 1727,2348 1553,2310 1549,2310 1546,2310 1450,2355 1454,2413"/>
        <Baseline points="1454,2413 3549,2338"/>
        <TextEquiv>
          <Unicode>Mit Ungeſtüm verlangt er ſeinen Lohn,</Unicode>
        </TextEquiv>
      </TextLine>

      
      
      <TextLine id="eSc_line_d5a5d323" custom="structure {type:default;}">
        <Coords points="1440,2563 1440,2607 1474,2607 1481,2611 1505,2631 1508,2631 1512,2631 1515,2631 1518,2631 1563,2607 1570,2604 1573,2607 1600,2621 1604,2621 1607,2621 1611,2621 1614,2621 1634,2604 1648,2594 1774,2590 1805,2600 1839,2611 1843,2611 1846,2611 1935,2594 2017,2580 2075,2590 2146,2604 2150,2604 2153,2604 2191,2587 2208,2577 2225,2583 2273,2611 2276,2611 2280,2611 2420,2604 2423,2604 2426,2604 2464,2577 2484,2560 2560,2560 2590,2573 2645,2597 2648,2597 2652,2597 2655,2597 2710,2566 2730,2556 2751,2566 2768,2573 2771,2573 2775,2573 2778,2573 2809,2563 2846,2553 2870,2563 2928,2587 2932,2587 2935,2587 3147,2577 3150,2577 3198,2549 3225,2536 3256,2549 3310,2570 3314,2570 3317,2573 3399,2573 3399,2570 3403,2570 3406,2570 3444,2542 3444,2501 3440,2447 3382,2416 3379,2416 3375,2416 3198,2420 3194,2420 3191,2420 3133,2457 3130,2461 3123,2457 3034,2426 3031,2426 3027,2426 3024,2426 2932,2464 2914,2471 2891,2467 2744,2437 2740,2437 2737,2437 2734,2437 2734,2440 2696,2474 2689,2481 2638,2481 2624,2474 2583,2447 2580,2447 2577,2447 2573,2447 2570,2447 2566,2447 2529,2474 2457,2447 2454,2447 2450,2447 2389,2450 2385,2450 2382,2450 2382,2454 2351,2484 2344,2495 2140,2498 2133,2495 2095,2461 2092,2461 2088,2461 2085,2461 2082,2461 2078,2461 2037,2495 2030,2505 1751,2512 1744,2508 1713,2481 1710,2481 1706,2481 1703,2481 1699,2481 1696,2481 1696,2484 1669,2508 1621,2481 1617,2481 1614,2481 1529,2481 1525,2481 1522,2481 1437,2515 1440,2563"/>
        <Baseline points="1440,2563 1901,2563 3444,2501"/>
        <TextEquiv>
          <Unicode>Und wären wir ihm nichts mehr ſchuldig</Unicode>
        </TextEquiv>
      </TextLine>

      
      
      <TextLine id="eSc_line_c2427d75" custom="structure {type:default;}">
        <Coords points="1464,2744 1464,2826 1542,2829 1546,2829 1549,2829 1553,2829 1563,2819 1628,2768 1689,2812 1703,2822 1706,2822 1710,2822 1713,2826 1754,2826 1754,2822 1757,2822 1761,2822 1761,2819 1778,2805 1812,2775 1853,2802 1873,2816 1877,2816 1880,2816 1884,2819 1955,2819 1955,2816 1959,2816 1962,2816 1993,2792 2000,2785 2010,2788 2034,2812 2037,2812 2041,2812 2044,2812 2119,2809 2123,2809 2126,2809 2170,2778 2208,2754 2252,2775 2321,2802 2324,2802 2327,2802 2443,2798 2447,2798 2542,2754 2594,2727 2884,2720 2911,2727 2938,2737 2942,2737 2945,2737 2949,2737 2952,2737 2952,2734 2962,2723 2973,2713 3147,2710 3150,2686 3140,2597 2932,2641 2833,2614 2822,2611 2819,2611 2816,2611 2812,2611 2798,2614 2737,2641 2693,2621 2686,2618 2682,2618 2679,2618 2676,2618 2672,2618 2669,2621 2631,2655 2413,2658 2375,2638 2365,2631 2362,2631 2358,2631 2355,2631 2351,2631 2324,2641 2310,2648 2297,2645 2256,2624 2252,2624 2249,2624 2245,2624 2187,2648 2160,2665 1938,2676 1918,2665 1880,2638 1877,2638 1873,2638 1870,2638 1867,2638 1819,2665 1792,2641 1788,2641 1785,2641 1781,2641 1703,2645 1699,2645 1628,2679 1563,2648 1559,2648 1556,2648 1553,2648 1460,2686 1464,2744"/>
        <Baseline points="1464,2744 3150,2686"/>
        <TextEquiv>
          <Unicode>Er liefe ganz und gar davon.</Unicode>
        </TextEquiv>
      </TextLine>

      
      
      <TextLine id="eSc_line_832f8b07" custom="structure {type:default;}">
        <Coords points="1437,2932 1437,2962 1897,2962 1901,2962 1904,2962 1904,2959 1908,2959 1914,2949 1925,2938 1942,2949 1969,2959 1972,2959 1976,2959 2150,2938 2205,2935 2211,2938 2225,2952 2228,2952 2232,2952 2235,2952 2327,2935 2382,2949 2385,2949 2389,2949 2481,2928 2512,2921 2549,2925 2665,2938 2669,2938 2672,2938 2737,2918 2751,2914 2764,2918 2860,2935 2863,2935 3229,2897 3229,2880 3222,2816 3000,2795 2996,2795 2993,2795 2990,2795 2955,2822 2932,2839 2816,2839 2798,2826 2771,2802 2768,2802 2764,2802 2761,2802 2635,2805 2631,2805 2628,2805 2597,2833 2594,2833 2505,2809 2501,2809 2498,2809 2495,2809 2433,2836 2402,2853 2017,2863 1942,2853 1863,2839 1860,2839 1781,2856 1778,2856 1747,2833 1744,2833 1740,2833 1737,2833 1733,2833 1730,2833 1703,2860 1689,2870 1675,2860 1638,2836 1634,2836 1631,2836 1546,2836 1542,2836 1539,2836 1477,2867 1457,2877 1433,2867 1437,2932"/>
        <Baseline points="1437,2932 3229,2880"/>
        <TextEquiv>
          <Unicode>Verbiete wer was alle wollten,</Unicode>
        </TextEquiv>
      </TextLine>

      
      
      <TextLine id="eSc_line_2e5c5059" custom="structure {type:default;}">
        <Coords points="1430,3095 1430,3119 1498,3119 1508,3123 1597,3174 1600,3174 1604,3177 1689,3177 1689,3174 1693,3174 1696,3174 1757,3123 1761,3116 2071,3106 2129,3112 2133,3119 2177,3160 2177,3164 2181,3164 2184,3164 2187,3164 2310,3160 2314,3160 2317,3160 2317,3157 2362,3116 2368,3112 2474,3112 2481,3116 2529,3157 2532,3157 2536,3157 2539,3157 2542,3157 2604,3130 2648,3153 2652,3153 2655,3153 2778,3136 2836,3150 2839,3150 2843,3150 2846,3150 2850,3150 2850,3147 2887,3112 2914,3089 3027,3106 3031,3106 3126,3085 3201,3109 3208,3058 3205,3000 3157,2979 3153,2979 3150,2979 3147,2979 3078,3003 3065,3007 3061,3003 3034,2979 3034,2976 3031,2976 3027,2976 2969,2976 2966,2976 2962,2976 2897,3007 2887,3013 2788,3013 2775,3007 2717,2979 2713,2979 2710,2979 2706,2979 2631,3010 2614,3020 2406,3020 2399,3017 2368,2990 2365,2990 2362,2990 2228,2990 2225,2990 2222,2990 2153,3020 2140,3027 2126,3020 2068,2993 2065,2993 2061,2993 2058,2993 2000,3024 1986,3031 1966,3024 1935,3017 1931,3017 1928,3017 1925,3017 1921,3017 1911,3027 1897,3034 1884,3027 1850,3010 1846,3010 1843,3010 1839,3010 1805,3027 1802,3031 1798,3027 1751,3000 1747,3000 1744,3000 1740,3000 1737,3000 1733,3000 1686,3031 1672,3041 1597,3041 1590,3034 1563,3010 1563,3007 1559,3007 1556,3007 1553,3007 1426,3034 1430,3095"/>
        <Baseline points="1430,3095 3208,3058"/>
        <TextEquiv>
          <Unicode>Der hat ins Wespenneſt geſtört;</Unicode>
        </TextEquiv>
      </TextLine>

      
      
      <TextLine id="eSc_line_1b48a17b" custom="structure {type:default;}">
        <Coords points="1409,3276 1409,3304 1553,3321 1556,3321 1658,3300 1662,3300 1733,3331 1737,3331 1873,3338 1877,3338 1880,3338 1884,3338 1945,3300 2071,3300 2198,3331 2201,3331 2205,3331 2208,3331 2280,3293 2409,3328 2413,3328 2416,3328 2570,3324 2573,3324 2577,3324 2577,3321 2611,3293 2641,3321 2645,3321 2648,3321 2652,3324 2713,3324 2713,3321 2717,3321 2720,3321 2775,3283 2874,3317 2877,3317 2880,3317 2884,3317 2887,3317 2955,3273 3082,3287 3085,3287 3089,3287 3092,3287 3092,3283 3109,3269 3109,3266 3287,3263 3290,3235 3280,3174 3208,3184 3188,3174 3126,3147 3123,3147 3119,3147 2993,3150 2990,3150 2925,3181 2911,3191 2757,3191 2730,3188 2594,3157 2590,3157 2587,3157 2583,3157 2536,3191 2529,3194 2525,3191 2491,3164 2491,3160 2488,3160 2484,3160 2481,3160 2478,3160 2409,3177 2276,3164 2273,3164 2269,3164 2266,3164 2222,3198 2211,3205 2164,3201 2024,3188 2020,3188 1928,3208 1904,3211 1884,3208 1751,3177 1747,3177 1744,3177 1740,3177 1699,3211 1696,3215 1689,3211 1621,3188 1617,3188 1614,3188 1611,3188 1559,3201 1539,3181 1536,3181 1532,3181 1529,3181 1525,3181 1522,3181 1460,3218 1457,3222 1406,3222 1409,3276"/>
        <Baseline points="1409,3276 2454,3266 3290,3235"/>
        <TextEquiv>
          <Unicode>Das Reich das ſie beſchützen ſollten,</Unicode>
        </TextEquiv>
      </TextLine>

      
      
      <TextLine id="eSc_line_faa73e5c" custom="structure {type:default;}">
        <Coords points="1447,3461 1447,3532 1727,3529 1730,3529 1733,3529 1740,3522 1774,3491 1812,3519 1822,3525 1826,3525 1829,3525 1832,3529 1904,3529 1904,3525 1908,3525 1911,3525 1911,3522 1914,3522 1921,3512 1931,3502 1952,3512 1986,3522 1989,3522 1993,3522 1996,3522 2000,3522 2017,3508 2065,3467 2290,3467 2338,3488 2341,3488 2344,3488 2348,3488 2433,3457 2525,3474 2529,3474 2532,3474 2536,3474 2536,3471 2539,3471 2549,3454 2631,3474 2665,3481 2669,3481 2672,3481 2676,3481 2676,3478 2682,3471 2703,3450 2768,3467 2792,3471 2795,3471 2798,3471 2826,3464 2853,3457 2860,3461 2925,3502 2928,3502 2932,3502 2935,3502 2938,3502 3034,3454 3054,3444 3095,3450 3211,3467 3215,3467 3218,3467 3314,3437 3314,3420 3304,3328 3109,3351 3037,3338 3020,3334 3017,3334 3013,3334 3010,3334 3010,3338 3007,3338 2973,3379 2764,3379 2723,3355 2720,3355 2717,3355 2713,3355 2710,3355 2706,3355 2706,3358 2676,3386 2481,3386 2454,3362 2450,3358 2450,3355 2447,3355 2443,3355 2440,3355 2437,3355 2433,3355 2433,3358 2426,3362 2402,3386 2310,3389 2283,3368 2269,3355 2266,3355 2263,3355 2259,3355 2256,3355 2218,3372 2215,3372 2208,3372 2119,3351 2116,3351 2112,3351 2109,3351 2071,3379 2041,3396 1962,3382 1850,3362 1846,3362 1843,3362 1778,3389 1771,3392 1761,3389 1696,3362 1693,3362 1600,3362 1597,3362 1488,3365 1484,3365 1481,3365 1443,3389 1447,3461"/>
        <Baseline points="1447,3461 3314,3420"/>
        <TextEquiv>
          <Unicode>Es liegt geplündert und verheert.</Unicode>
        </TextEquiv>
      </TextLine>

      
      
      <TextLine id="eSc_line_e58b68da" custom="structure {type:default;}">
        <Coords points="1440,3635 1440,3659 1536,3679 1539,3679 1713,3655 1740,3652 1751,3655 1846,3682 1850,3682 1853,3682 1856,3682 1860,3682 1860,3679 1887,3659 2058,3676 2061,3676 2065,3676 2123,3648 2136,3642 2215,3645 2399,3655 2402,3655 2406,3655 2409,3655 2409,3652 2423,3642 2430,3635 2525,3635 2536,3638 2563,3659 2566,3659 2570,3659 2573,3659 2577,3659 2628,3638 2679,3662 2682,3662 2686,3662 2744,3659 2747,3659 2751,3659 2751,3655 2775,3635 2778,3631 2798,3635 2959,3655 2962,3655 2966,3655 3024,3635 3150,3648 3153,3648 3157,3648 3218,3624 3246,3614 3259,3624 3283,3642 3287,3642 3290,3642 3293,3642 3379,3621 3382,3587 3372,3485 3068,3498 3065,3498 3061,3498 3013,3543 2802,3546 2754,3529 2751,3529 2747,3529 2744,3529 2740,3529 2717,3549 2478,3553 2430,3529 2406,3512 2402,3512 2399,3512 2396,3512 2392,3512 2389,3512 2358,3532 2334,3546 2314,3532 2269,3512 2266,3512 2263,3512 2259,3512 2191,3539 2170,3546 2150,3543 2116,3532 2112,3532 2109,3532 2106,3532 2078,3546 2065,3549 2058,3546 1993,3519 1989,3519 1986,3519 1983,3519 1928,3543 1850,3525 1846,3525 1843,3525 1774,3560 1751,3573 1600,3573 1583,3570 1512,3546 1508,3546 1505,3546 1501,3546 1437,3570 1440,3635"/>
        <Baseline points="1440,3635 3382,3587"/>
        <TextEquiv>
          <Unicode>Man läßt ihr Toben wüthend hauſen,</Unicode>
        </TextEquiv>
      </TextLine>

      
      
      <TextLine id="eSc_line_a63d9faf" custom="structure {type:default;}">
        <Coords points="1419,3822 1419,3891 1546,3891 1546,3887 1549,3887 1563,3880 1624,3857 1662,3877 1675,3884 1679,3884 1682,3884 1768,3880 1771,3880 1774,3880 1788,3870 1843,3836 1931,3850 1935,3850 1938,3850 1942,3850 1979,3826 2041,3857 2075,3874 2078,3874 2082,3874 2085,3874 2140,3853 2222,3819 2467,3816 2508,3833 2512,3833 2515,3833 2519,3833 2570,3812 2723,3822 2727,3822 2730,3822 2734,3822 2737,3822 2754,3805 2805,3819 2904,3850 2908,3850 2911,3853 3017,3853 3017,3850 3020,3850 3160,3802 3181,3795 3194,3802 3232,3816 3235,3816 3239,3816 3242,3816 3287,3795 3287,3775 3276,3706 3123,3723 3092,3710 3051,3693 3048,3693 3044,3693 3041,3693 3037,3693 3010,3713 2993,3727 2925,3717 2901,3713 2897,3713 2870,3717 2812,3730 2802,3720 2785,3706 2785,3703 2781,3703 2778,3703 2607,3693 2604,3693 2600,3693 2464,3730 2426,3741 2416,3730 2379,3700 2375,3700 2372,3700 2368,3700 2205,3703 2201,3703 2198,3703 2150,3741 2140,3747 2116,3741 2054,3723 2051,3723 2048,3723 1918,3744 1870,3720 1867,3720 1863,3720 1860,3720 1856,3720 1822,3751 1815,3758 1669,3761 1648,3754 1542,3720 1539,3720 1536,3720 1532,3720 1416,3758 1419,3822"/>
        <Baseline points="1419,3822 3287,3775"/>
        <TextEquiv>
          <Unicode>Schon iſt die halbe Welt verthan;</Unicode>
        </TextEquiv>
      </TextLine>

      
      
      <TextLine id="eSc_line_55c97698" custom="structure {type:default;}">
        <Coords points="1416,3986 1416,4061 1597,4061 1597,4058 1600,4058 1604,4058 1614,4048 1665,4017 1771,4017 1774,4017 1778,4017 1781,4017 1812,3997 1918,4034 1972,4051 1976,4051 1979,4051 1983,4051 1986,4051 2013,4027 2058,3990 2106,3990 2146,4020 2177,4044 2181,4044 2184,4044 2187,4044 2358,4041 2362,4041 2430,4003 2478,3979 2628,3993 2662,3997 2665,3997 2669,3997 2672,3997 2676,3993 2696,3976 2747,3986 2778,3993 2781,3993 2850,3983 2867,3979 2870,3979 2925,4027 2928,4027 2932,4027 2935,4027 2938,4027 2942,4027 2942,4024 2993,3976 2993,3973 3249,3959 3252,3942 3246,3887 3099,3853 3095,3853 3092,3853 3089,3853 3031,3887 2976,3860 2973,3860 2969,3860 2966,3860 2904,3891 2894,3894 2877,3891 2805,3870 2802,3870 2798,3870 2795,3870 2792,3870 2764,3891 2751,3901 2669,3901 2648,3894 2600,3874 2597,3874 2594,3874 2590,3874 2553,3894 2546,3898 2539,3894 2515,3884 2512,3884 2508,3884 2450,3894 2382,3911 2276,3911 2263,3898 2239,3877 2235,3877 2232,3877 2228,3877 2048,3887 2044,3887 2010,3901 1959,3918 1860,3901 1846,3901 1843,3901 1829,3901 1768,3915 1754,3904 1737,3891 1737,3887 1733,3887 1730,3887 1727,3887 1723,3887 1669,3904 1624,3918 1583,3904 1546,3891 1542,3891 1539,3891 1536,3891 1532,3891 1515,3904 1484,3928 1413,3908 1416,3986"/>
        <Baseline points="1416,3986 3252,3942"/>
        <TextEquiv>
          <Unicode>Es ſind noch Könige da draußen</Unicode>
        </TextEquiv>
      </TextLine>

      
      
      <TextLine id="eSc_line_d9d4bac7" custom="structure {type:default;}">
        <Coords points="3249,3945 3246,3945 3205,3973 3010,3949 3010,4020 3007,4065 3051,4099 3054,4099 3058,4099 3061,4099 3065,4099 3167,4065 3201,4099 3201,4102 3205,4102 3208,4102 3211,4106 3290,4106 3290,4102 3293,4102 3368,4065 3372,4027 3372,3935 3269,3935 3266,3935 3263,3935 3259,3935 3256,3938 3249,3942 3249,3945"/>
        <Baseline points="3010,4020 3372,4027"/>
        <TextEquiv>
          <Unicode>irgend</Unicode>
        </TextEquiv>
      </TextLine>

      
      
      <TextLine id="eSc_line_6687cd8a" custom="structure {type:default;}">
        <Coords points="1409,4133 1413,4160 1413,4191 1546,4242 1549,4242 1553,4242 1617,4239 1621,4239 1624,4239 1696,4184 1703,4184 1843,4184 1880,4184 1911,4201 1914,4201 1918,4201 1921,4201 2082,4177 2088,4177 2092,4177 2160,4198 2164,4198 2167,4198 2170,4198 2256,4174 2273,4167 2443,4167 2450,4171 2549,4218 2553,4218 2556,4218 2938,4208 2942,4208 2945,4208 2993,4174 3058,4194 3061,4194 3065,4194 3068,4194 3167,4154 3181,4150 3273,4150 3276,4116 3269,4075 3123,4058 3119,4058 3116,4058 3068,4075 3000,4037 2996,4037 2993,4037 2990,4037 2986,4037 2986,4041 2945,4082 2696,4082 2597,4051 2594,4051 2590,4051 2587,4051 2515,4089 2443,4051 2440,4051 2437,4051 2433,4051 2324,4089 2215,4058 2211,4058 2208,4058 2205,4058 2201,4058 2150,4099 2116,4099 1979,4102 1949,4102 1918,4102 1867,4065 1863,4065 1860,4065 1856,4065 1634,4089 1553,4072 1549,4072 1546,4072 1474,4113 1413,4113 1409,4133"/>
        <Baseline points="1413,4160 3276,4116"/>
        <TextEquiv>
          <Unicode>Doch keiner denkt es ging ihn an.</Unicode>
        </TextEquiv>
      </TextLine>

      
      
      <TextLine id="eSc_line_b46740cc" custom="structure {type:default;}">
        <Coords points="1945,4369 1945,4389 2754,4379 2754,4358 2744,4304 2652,4304 2624,4280 2624,4276 2621,4276 2618,4276 2560,4276 2556,4276 2402,4307 2372,4283 2372,4280 2368,4280 2365,4280 2245,4280 2242,4280 2239,4280 2235,4280 2235,4283 2222,4297 2198,4283 2194,4283 2191,4283 2187,4283 2106,4314 1942,4314 1945,4369"/>
        <Baseline points="1945,4369 2754,4358"/>
        <TextEquiv>
          <Unicode>Schatzmeiſter.</Unicode>
        </TextEquiv>
      </TextLine>

      
      
      <TextLine id="eSc_line_6e3f48b7" custom="structure {type:default;}">
        <Coords points="1460,4543 1460,4577 1658,4584 1696,4608 1699,4608 1703,4608 1706,4608 1710,4608 1713,4608 1751,4587 1921,4590 1925,4590 1928,4590 1993,4563 2000,4563 2007,4563 2157,4597 2160,4597 2225,4587 2228,4587 2232,4587 2232,4584 2259,4556 2263,4556 2266,4556 2341,4573 2344,4573 2440,4560 2501,4590 2505,4590 2508,4590 2614,4587 2618,4587 2672,4560 2785,4584 2788,4584 2792,4584 2867,4546 2911,4577 2914,4577 2918,4577 2921,4580 3044,4580 3044,4577 3048,4577 3112,4539 3157,4573 3160,4573 3164,4573 3167,4573 3170,4573 3174,4573 3222,4532 3423,4526 3426,4505 3416,4406 3324,4416 3321,4416 3317,4416 3317,4420 3290,4450 3249,4430 3246,4430 3242,4430 3239,4430 3160,4461 3051,4457 2986,4420 2976,4416 2973,4416 2969,4416 2918,4420 2914,4420 2911,4420 2908,4423 2856,4464 2802,4454 2798,4454 2795,4454 2744,4474 2676,4474 2611,4437 2611,4433 2607,4433 2604,4433 2600,4433 2597,4433 2587,4437 2546,4450 2532,4437 2525,4433 2525,4430 2522,4430 2519,4430 2396,4430 2392,4430 2389,4430 2385,4430 2385,4433 2372,4444 2358,4461 2304,4447 2256,4437 2252,4437 2249,4437 2245,4437 2245,4440 2232,4450 2191,4488 2058,4488 2027,4457 2024,4457 2024,4454 2020,4454 2017,4454 2013,4454 2010,4454 2007,4454 2007,4457 2003,4457 1972,4495 1792,4495 1754,4468 1727,4447 1723,4447 1720,4447 1716,4447 1594,4450 1590,4450 1587,4450 1553,4474 1536,4485 1457,4481 1460,4543"/>
        <Baseline points="1460,4543 1952,4549 3426,4505"/>
        <TextEquiv>
          <Unicode>Wer wird auf Bundsgenoſſen pochen!</Unicode>
        </TextEquiv>
      </TextLine>

      
      
      <TextLine id="eSc_line_54e9b674" custom="structure {type:default;}">
        <Coords points="1454,4706 1454,4724 1576,4744 1580,4744 1652,4730 1675,4751 1679,4751 1682,4751 1686,4751 1689,4751 1751,4727 1832,4744 1836,4744 1839,4744 1843,4744 1843,4741 1846,4741 1856,4727 1914,4737 1918,4737 2003,4717 2013,4717 2030,4717 2198,4737 2201,4737 2205,4737 2208,4737 2235,4717 2338,4730 2341,4730 2471,4713 2600,4737 2604,4737 2607,4737 2696,4710 2730,4734 2734,4734 2737,4734 2850,4737 2853,4737 3027,4734 3031,4734 3034,4734 3058,4713 3194,4730 3198,4730 3201,4730 3205,4730 3232,4710 3351,4730 3355,4730 3358,4730 3413,4700 3413,4683 3403,4621 3304,4635 3283,4621 3252,4601 3249,4601 3246,4601 3242,4601 3188,4611 3133,4590 3130,4590 3126,4590 3044,4594 3041,4594 3037,4594 2996,4628 2979,4642 2730,4642 2720,4631 2703,4618 2703,4614 2699,4614 2696,4614 2693,4614 2689,4614 2686,4614 2658,4635 2641,4645 2286,4648 2273,4642 2263,4631 2259,4631 2256,4631 2252,4631 2187,4642 2150,4648 2143,4642 2088,4604 2085,4604 2082,4604 2078,4604 2075,4604 1996,4645 1983,4652 1966,4645 1856,4608 1853,4608 1850,4608 1505,4611 1501,4611 1498,4611 1450,4642 1454,4706"/>
        <Baseline points="1454,4706 3413,4683"/>
        <TextEquiv>
          <Unicode>Subſidien die man uns verſprochen,</Unicode>
        </TextEquiv>
      </TextLine>

      
      
      <TextLine id="eSc_line_e8335528" custom="structure {type:default;}">
        <Coords points="1464,4857 1464,4877 1529,4898 1532,4898 1536,4898 1747,4874 1754,4874 1778,4894 1778,4898 1781,4898 1785,4898 1788,4901 1928,4901 1928,4898 1931,4898 1935,4898 1959,4877 2024,4894 2027,4894 2030,4894 2034,4894 2037,4894 2061,4874 2078,4887 2082,4887 2085,4887 2088,4887 2092,4887 2164,4870 2293,4891 2297,4891 2300,4891 2304,4891 2304,4887 2331,4867 2495,4887 2498,4887 2501,4887 2505,4887 2532,4864 2648,4887 2652,4887 2771,4860 3037,4860 3078,4877 3082,4877 3085,4877 3089,4877 3170,4850 3170,4833 3160,4775 2853,4785 2846,4778 2819,4754 2819,4751 2816,4751 2812,4751 2809,4751 2805,4751 2740,4771 2607,4747 2604,4747 2600,4747 2597,4747 2549,4782 2542,4788 2529,4785 2440,4747 2437,4747 2433,4747 2382,4751 2379,4751 2375,4751 2334,4785 2324,4795 2024,4795 2013,4792 1966,4758 1962,4758 1959,4758 1955,4758 1952,4758 1949,4758 1949,4761 1918,4792 1911,4802 1884,4802 1877,4795 1839,4761 1839,4758 1836,4758 1832,4758 1764,4758 1761,4758 1757,4758 1754,4758 1754,4761 1727,4785 1686,4761 1682,4761 1679,4761 1580,4761 1576,4761 1573,4761 1460,4799 1464,4857"/>
        <Baseline points="1464,4857 3170,4833"/>
        <TextEquiv>
          <Unicode>Wie Röhrenwaſſer, bleiben aus.</Unicode>
        </TextEquiv>
      </TextLine>

      
      
      <TextLine id="eSc_line_91e2da22" custom="structure {type:default;}">
        <Coords points="1450,5003 1450,5027 1638,5055 1641,5055 1921,5031 1986,5048 1989,5048 1993,5048 1996,5048 2000,5048 2030,5021 2116,5044 2119,5044 2123,5044 2126,5044 2129,5044 2164,5021 2235,5034 2239,5034 2242,5034 2245,5034 2266,5017 2300,5041 2304,5041 2307,5041 2310,5041 2420,5024 2529,5038 2532,5038 2536,5038 2539,5038 2539,5034 2566,5014 2781,5034 2785,5034 2788,5034 2792,5034 2819,5014 2966,5031 2969,5031 2973,5031 2976,5031 2976,5027 3000,5003 3000,5000 3044,5000 3252,5000 3276,5017 3280,5017 3283,5017 3287,5017 3413,4993 3413,4966 3409,4922 3321,4884 3317,4884 3314,4884 3170,4918 3133,4887 3130,4887 3126,4887 3013,4887 3010,4887 3007,4887 3003,4887 2949,4932 2942,4935 2935,4932 2884,4904 2880,4904 2788,4901 2785,4901 2781,4901 2778,4901 2737,4935 2730,4942 2426,4942 2423,4942 2304,4904 2300,4904 2297,4904 2293,4904 2290,4904 2235,4945 2232,4945 2225,4945 2044,4935 2041,4935 1904,4952 1901,4952 1839,4908 1836,4908 1832,4908 1829,4908 1826,4908 1730,4932 1631,4911 1628,4911 1515,4915 1512,4915 1508,4915 1447,4952 1450,5003"/>
        <Baseline points="1450,5003 2532,4997 3413,4966"/>
        <TextEquiv>
          <Unicode>Auch Herr, in deinen weiten Staaten</Unicode>
        </TextEquiv>
      </TextLine>

      
      
      <TextLine id="eSc_line_d8f5d204" custom="structure {type:default;}">
        <Coords points="1464,5143 1464,5181 1529,5205 1532,5205 1536,5205 1539,5205 1587,5184 1788,5201 1792,5201 1795,5201 1836,5184 1938,5232 1942,5232 1945,5232 1949,5232 2068,5174 2075,5174 2164,5174 2211,5212 2215,5212 2218,5212 2222,5212 2225,5212 2341,5171 2437,5222 2440,5222 2443,5225 2539,5225 2539,5222 2713,5212 2717,5212 2720,5212 2775,5171 2822,5208 2826,5208 2829,5208 2894,5215 2897,5215 2973,5212 2976,5212 3075,5157 3082,5154 3106,5157 3184,5171 3188,5171 3191,5171 3249,5154 3249,5120 3239,5034 2880,5085 2689,5085 2638,5048 2635,5044 2631,5044 2628,5044 2624,5044 2416,5048 2413,5048 2409,5048 2402,5055 2348,5092 2198,5075 2194,5075 2191,5075 2187,5075 2170,5089 2106,5061 2088,5055 2085,5055 2082,5055 2078,5055 2065,5061 1989,5102 1689,5102 1628,5072 1611,5065 1607,5065 1604,5065 1460,5075 1464,5143"/>
        <Baseline points="1464,5143 2099,5154 3249,5120"/>
        <TextEquiv>
          <Unicode>An wen iſt der Beſitz gerathen?</Unicode>
        </TextEquiv>
      </TextLine>

      
    </TextRegion>
    

    
  </Page>
</PcGts>
