4096 6144
3075 617 3184 740 24
1221 750 2908 1006 Meph. /: An der Gegenſeite
2508 843 3170 996 kletternd :/
617 1003 2949 1191 Da muß ich mich durch ſteile Felſentreppen,
617 1157 3181 1361 Durch alter Eichen ſtarre Wurzeln ſchleppen!
634 1327 2833 1518 Auf meinem Harz der harzige Dunſt
634 1488 3136 1686 Hat was vom Pech und das hat meine Gunſt;
638 1652 3239 1860 Zunächſt der Schwefel.... Hier, bey dieſen Griechen
628 1802 3061 2003 Iſt von dergleichen kaum die Spur zu riechen;
628 1962 2932 2143 Neugierig aber wär’ ich, nachzuſpüren
610 2109 3054 2310 Womit ſie Höllenqual und Flam̄e ſchüren.
1194 2283 1699 2454 Dryas.
570 2392 2611 2583 In Deinem Lande ſey einheimiſch klug,
641 2529 3106 2730 Im fremden biſt du nicht gewanndt genug.
600 2706 3229 2880 Du ſollteſt nicht den Sinn zur Heimath kehren,
604 2870 3085 3065 Der heiligen Eichen Würde hier verehren.
1368 3044 1744 3229 Meph.
631 3157 2973 3307 Man denkt an das was man verließ,
631 3307 3201 3491 Was man gewohnt war bleibt ein Paradies.
617 3481 2682 3689 Doch ſagt: was in der Höhle dort,
624 3614 3276 3886 Bey ſchwachem Licht, ſich dreyfach hingekauert?
1324 3843 1850 4017 Dryas.
706 3945 3075 4150 Die Phorkyaden! Wage dich zum Ort,
720 4109 3164 4314 Und ſprich ſie an, wenn dich nicht ſchauert.
1402 4348 1829 4536 Meph.
679 4485 3184 4676 Warum denn nicht! – Ich ſehe was, und ſtaune.
665 4662 3160 4860 So ſtolz ich bin, muß ich mir ſelbſt geſtehn:
672 4833 2658 5010 Dergleichen hab’ ich nie geſehn,
655 4980 3068 5181 Die ſind ja ſchlim̄er als Alraune....
