4096 6144
1406 733 1911 863 Nereus.
638 911 3201 1092 Welch neues Geheimniß in Mitte der Schaaren
662 1082 2901 1269 Will unſeren Augen ſich offengebahren?
669 1239 3252 1426 Was flam̄t um die Muſchel um Galate’s Füße?
641 1389 3229 1573 Bald lodert es mächtig, bald lieblich bald ſüße,
658 1542 3252 1703 Als wär’ es von Pulſen der Liebe gerührt?
1498 1699 1935 1809 Thales.
672 1819 3259 2017 Homunkulus iſt es, von Proteus verführt...
706 1969 3273 2150 Es ſind die Symptome des herriſchen Sehnens,
686 2112 3269 2293 Mir ahnet das Ächzen beängſteten Dröhnens;
740 2266 3232 2443 Er wird ſich zerſchellen am glänzenden Thron;
689 2416 3242 2611 Jetzt flam̄t es, nun blitzt es, ergießet ſich ſchon.
720 2686 3256 2867 Welch feuriges Wunder verklärt uns die Wellen,
1501 2577 2007 2720 Sirenen.
696 2843 3225 2993 Die gegeneinander ſich funkelnd zerſchellen?
720 2986 3249 3147 So leuchtet’s und ſchwanket und hellet hinan:
689 3123 3235 3300 Die Körper ſie glühen auf nächtlicher Bahn,
709 3276 3160 3416 Und rings iſt alles vom Feuer umronnen;
699 3420 3266 3614 So herrſche denn Eros der alles begonnen!
1160 3597 3068 3785 Heil dem Meere! Heil den Wogen!
1163 3768 3072 3949 Von dem heiligen Feuer umzogen;
1143 3928 3249 4106 Heil dem Waſſer! Heil dem Feuer!
1150 4096 3068 4253 Heil dem ſeltnen Abenteuer!
1440 4276 2174 4413 All Alle!
1119 4410 3041 4594 Heil den mildgewogenen Lüften!
1129 4597 3099 4771 Heil geheimnißreichen Grüften!
1143 4751 2853 4949 Hochgefeyert ſeyd alhier
1146 4898 2686 5072 Element’ ihr alle vier!
3031 604 3211 774 36
