4096 6144
2116 757 2536 945 Rieſen.
1587 925 3403 1078 Die wilden Männer ſinds genannt,
1583 1075 3283 1228 Am Harzgebirge wohlbekannt,
1607 1221 3382 1392 Natürlich hier in aller Kraft,
1617 1378 3273 1549 Sie kom̄en ſäm̄tlich rieſenhaft;
1617 1529 3368 1710 Den Fichtenſtam̄ in rechter Hand
1621 1706 3590 1860 Und um den Leib ein wulſtig Band
1607 1850 3730 2024 Den derbſten Schurz von Zweig und Blatt,
1645 2020 3539 2208 Leibwache wie der Papſt nicht hat.
2054 2201 2880 2375 Nymphen im Chor.
2409 2304 3703 2512 /: ſie umſchließen den großen
2976 2437 3273 2604 Pan :/
1867 2590 2911 2744 Auch kommt er an! –
1873 2751 2867 2877 Das All der Welt
1901 2880 2833 3037 Wird vorgeſtellt
1887 3017 2798 3205 Im großen Pan.
1894 3143 3256 3348 Ihr heiterſten umgebet ihn,
1894 3297 3457 3481 Im Gaukeltanz umſchwebet ihn,
1880 3447 3519 3631 Denn weil der Ernſte gut dabey,
1911 3594 3631 3778 So will er daß man fröhlich ſey.
1877 3744 3447 3915 Auch unterm blauen Wölbedach
1901 3904 3467 4096 Verhielt er ſich beſtändig wach,
1880 4061 3406 4229 Doch rieſeln ihm die Bäche zu,
1897 4198 3710 4372 Und Lüftlein wiegen ihn mild in Ruh.
1887 4345 3543 4529 Und wenn er zu Mittage ſchläft
1873 4512 3560 4666 Sich nicht das Blatt am Zweige regt,
1873 4621 3539 4805 Geſunder Pflanzen Balſam Duft
1894 4771 3488 4949 Erfüllt die ſchweigſam ſtille Luft,
1887 4904 3682 5072 Die Nymphe darf nicht munter ſeyn
1890 5038 3525 5208 Und wo ſie ſtand da ſchläft ſie ein.
