4096 6144
1979 768 3696 983 Proteus. /: als aus der Ferne :/
1498 959 2106 1140 Leb wohl!
2010 1061 3573 1280 Thales /: leiſe zu Homunkul :/
1867 1249 3566 1471 Er iſt ganz nah. Nun leuchte friſch,
1553 1426 3328 1611 Er iſt ganz nah. Nun leuchte friſch,
1573 1559 3437 1757 Und wo er auch geſtaltet ſtockt,
1539 1740 3594 1938 Durch Flam̄en wird er hergelockt.
2048 1931 2594 2106 Homunk.
1563 2095 3440 2293 Ergieß’ ich gleich des Lichtes Menge,
1576 2242 3850 2457 Beſcheiden doch, daß ich das Glas nicht ſprenge.
2048 2423 3850 2624 Proteus. /: in Geſtalt einer Rieſen=
2831 2554 3619 2734 Schildkröte :/
1590 2679 3379 2877 Was leuchtet ſo anmuthig ſchön?
2092 2856 3819 3058 Thales. /: den Homunk. verhüllend :/
1529 3054 3840 3256 Gut! Wenn du Luſt haſt kannſt dus näher ſehn.
1522 3235 3737 3403 Die kleine Mühe laß dich nicht verdrießen,
1536 3392 3822 3594 Und zeige dich auf menſchlich beiden Füßen.
1525 3577 3853 3788 Mit unſern Gunſten ſeys, mit unſerm Willen!
1518 3775 3775 3949 Wer ſchauen will was wir verhüllen.
2058 3911 3712 4147 Proteus. /: edel geſtaltet :/
1536 4109 3785 4331 Weltweiſe Kniffe ſind dir noch bewußt.
2109 4293 2563 4488 Thales.
1532 4413 3775 4611 Geſtalt zu wechſeln bleibt noch deine Luſt.
2252 4573 3741 4741 /: hat den Homunk: enthüllt :/
2106 4754 3263 4925 Proteus. /: erſtaunt
1501 4901 3826 5137 Ein leuchtend Zwerglein! Niemals noch geſehn!
