4096 6144
1928 692 2331 832 Faunen.
1761 887 2652 1054 Die Faunenſchaar
1774 1034 2635 1221 Im luſtigen Tanz
1792 1204 2600 1355 Den Eichenkranz
1792 1361 2781 1515 Im krauſen Haar
1805 1505 3170 1686 Ein feines zugeſpitztes Ohr
1795 1658 3488 1853 Dringt an den Lockenkopf hervor
1809 1812 3717 2007 Ein ſtumpfes Näschen, ein breit Geſicht
1771 1976 3536 2157 Das ſchadet alles bey Frauen nicht.
1768 2140 3686 2300 Dem Faun wenn er die Patſche reicht
1768 2293 3812 2495 Verſagt die Schönſte den Tanz nicht leicht.
2143 2522 2560 2710 Satyr.
1703 2662 3447 2867 Der Satyr hüpft nun hinterdrein
1720 2843 3461 3031 Mit Ziegenfuß und dürrem Bein,
1716 2966 3682 3218 Ihm ſollen ſie mager und ſehnig ſeyn.
1723 3157 3638 3358 Und gemſenartig auf Bergeshöhn,
1713 3338 3529 3556 Beluſtigt er ſich umher zu ſehn.
1733 3502 3785 3706 In Freyheitsluft erquickt alsdann
1727 3665 3853 3867 Verhöhnt er Kind und Weib und Mann
1737 3826 3713 4031 Die tief in Thales Dampf und Rauch
1727 4007 3566 4208 Behaglich meynen ſie lebten auch,
1723 4184 3577 4352 Da ihm doch rein und ungeſtört
1727 4348 3604 4522 Die Welt dortoben allein gehört.
