4096 6144
3130 583 3232 709 6
1232 706 3205 914 Sphynxe /: ſie verſpottend in der„
907 907 2457 1109 Nöthigt ſie herabzuſteigen!
2399 808 3249 1020 ſelben Melodie :/
921 1061 2621 1235 Sie verbergen in den Zweigen
928 1215 2775 1382 Ihre garſtigen Habichtskrallen,
918 1368 2536 1539 Euch verderblich anzufallen,
918 1522 2600 1710 Wenn ihr euer Ohr verleiht.
1259 1706 1805 1846 Sirenen.
907 1832 2819 2007 Weg! das Haſſen, weg! das Neiden;
890 2003 2778 2181 Sam̄eln wir die klarſten Freuden,
904 2164 2747 2331 Unterm Himmel ausgeſtreut!
873 2314 2737 2498 Auf dem Waſſer, auf der Erde,
918 2484 2573 2662 Sey’s die heiterſte Gebärde
914 2641 2754 2812 Die man dem Willkom̄nen beut.
1320 2816 1703 2993 Meph.
935 2959 2816 3123 Das ſind die ſaubern Neuigkeiten
965 3106 2955 3269 Wo aus der Kehle, von den Saiten,
962 3249 2856 3426 Ein Ton ſich um den andern flicht.
935 3409 3044 3563 Das Trallern iſt bey mir verloren,
979 3539 3054 3706 Es krabbelt wohl mir um die Ohren
925 3693 2979 3846 Allein zum Herzen dringt es nicht.
1413 3819 1960 4029 Sphinxe.
1679 3783 1812 3896 i
972 3969 3075 4130 Sprich nicht vom Herzen! das iſt eitel;
1000 4092 3157 4253 Ein lederner verſchrumpfter Beutel
959 4232 2819 4406 Das paßt dir eher zu Geſicht.
1416 4379 2884 4577 Fauſt /: herantretend :/
682 4567 3273 4771 Wie wunderbar! das Anſchaun thut mir Gnüge,
645 4730 3037 4925 Im Widerwärtigen große tüchtige Züge.
733 4898 2904 5099 Ich ahne ſchon ein günſtiges Geſchick;
744 5051 3160 5236 Wohin verſetzt mich dieſer ernſte Blick?
