4096 6144
1532 815 3638 1041 Der Geiſtliche /: bleibt und ſpricht pathetiſch :/
901 1000 3584 1194 Der Canzler ging hinweg der Biſchoff iſt geblieben,
911 1150 3628 1368 Vom ernſten Warnegeiſt zu deinem Ohr getrieben!
904 1331 3474 1546 Sein väterliches Herz von Sorge bangt um dich.
1665 1539 2198 1682 Kaiſer.
911 1669 3488 1914 Was haſt du Bängliches zur frohen Stunde? ſprich!
1733 1880 2290 2075 Erzbiſchoff.
894 2034 3590 2228 Mit welchem bittern Schmerz find ich, in dieſer Stunde,
860 2201 3467 2416 Dein hochgeheiligt Haupt mit Satanas im Bunde.
846 2362 3607 2577 Zwar, wie es ſcheinen will, geſichert auf dem Thron,
846 2525 3628 2727 Doch leider! Gott dem Herrn, dem Vater Pabſt zum Hohn.
863 2686 3577 2884 Wenn dieſer es erfährt ſchnell wird er ſträflich richten,
839 2860 3532 3058 Mit heiligem Strahl dein Reich das ſündige zu vernichten.
832 3024 3566 3218 Doch ſchlag an deine Bruſt und gieb, vom frevlen Glück,
849 3191 3505 3406 Ein mäßig Schärflein, gleich dem Heiligthum zurück.
819 3382 3543 3584 Den breiten Hügelraum, da wo dein Zelt geſtanden,
843 3570 3519 3761 Wo böſe Geiſter ſich zu deinem Schutz verbanden,
819 3751 3631 3938 Dem Lügenfürſten du ein horchſam Ohr geliehen,
812 3925 3362 4123 Den ſtifte, from̄ belehrt, zu heiligem Bemühn;
846 4102 3577 4331 Mit Berg und dichtem Wald, ſo weit ſie ſich erſtrecken,
826 4307 3386 4526 Mit Höhen die ſich grün zu ſteter Weide decken,
829 4502 3461 4700 Fiſchreichen klaren Seen, dann Bächlein ohne Zahl,
849 4669 3437 4877 Wie ſie ſich, eilig ſchlängelnd, ſtürzen ab zu Thal;
819 4843 3589 5063 Das breite Thal dann ſelbſt, mit Wieſen, Gauen, Gründen.
805 5031 3450 5236 Die Reue ſpricht ſich aus, und du wirſt Gnade finden.
