4096 6144
2205 839 2529 1024 Engel.
1477 983 3918 1181 Wir kommen ſchon, warum weichſt du zurück?
1484 1136 3959 1317 Wir nähern uns und wenn du kannſt ſo bleib.
3092 1249 3302 1377 her
1832 1290 3973 1489 /: die Engel nehmen, umziehend, den gan„
1962 1419 2891 1563 zen Raum ein :/
2198 1542 2952 1716 Mephiſtopheles.
1897 1710 3921 1867 /: der ins Proscenium gedrängt wird :/
1522 1890 3768 2054 Ihr ſcheltet uns verdammte Geiſter
1549 2037 3816 2208 Und ſeyd die wahren Hexenmeiſter;
1549 2191 3894 2331 Denn ihr verführet Mann und Weib. –
1570 2341 3672 2501 Welch ein verfluchtes Abenteuer!
1546 2491 3273 2648 Iſt dies das Liebeselement?
1573 2648 3737 2812 Der ganze Körper ſteht in Feuer,
1532 2792 3935 2969 Ich fühle kaum daß es im Nacken brennt. –
1536 2923 3998 3153 Ihr ſchwanket hin und her, ſo ſenkt euch nieder,
1556 3095 3938 3304 Ein bischen weltlicher bewegt die holden Glieder;
1536 3239 3829 3454 Fürwahr der Ernſt ſteht euch recht ſchön.
1546 3394 3886 3604 Doch möcht’ ich euch nur einmal lächeln ſehn;
1510 3558 3788 3778 Das wäre mir ein ewiges Entzücken.
1556 3701 3968 3916 Ich meyne ſo wie wenn Verliebte blicken,
1525 3884 3915 4058 Ein kleiner Zug am Mund ſo iſts gethan.
1546 4014 3978 4244 Dich langer Burſche dich mag ich am liebſten leiden,
1529 4205 3969 4389 Die Pfaffenmiene will dich gar nicht kleiden,
1541 4346 3932 4561 So ſieh mich doch ein wenig lüſtern an!
1495 4520 3891 4700 Auch könntet ihr anſtändig=nackter gehen,
1522 4703 3850 4887 Das lange Faltenhemd iſt überſittlich –
1536 4867 3945 5055 Sie wenden ſich – Von hinten anzuſehen! –
1553 5031 3928 5232 Die Racker ſind doch gar zu appetittlich.
