4096 6144
1375 918 1634 1129 Chor.
890 1116 2474 1334 Wer die Schönſte für ſich begehrt,
948 1283 2078 1443 Tüchtig vor allen Dingen
925 1396 2416 1583 Seh er nach Waffen weiſe ſich um;
931 1546 2297 1710 Schmeichelnd wohl gewann er ſich
880 1675 2249 1867 Was auf Erden das Höchſte;
925 1829 2208 1989 Aber ruhig beſitzt er’s nicht:
928 1959 2525 2150 Schleicher liſtig entſchmeicheln ſie ihm,
877 2126 2512 2263 Dieſes zu hinderen ſey er bedacht.
880 2218 2283 2368 Räuber kühnlich entreißen ſie ihm,
935 2362 2321 2508 Unſern Fürſten lob’ ich drum,
914 2498 2205 2689 Schätz’ ihn höher vor andern,
901 2631 2454 2805 Wie er ſo tapfer klug ſich verband
918 2754 2484 2962 Daß die Starken gehorchend ſtehn
914 2938 2061 3075 Jedes Winkes gewärtig.
907 3078 2420 3256 Seinen Befehl vollziehn ſie treu,
921 3208 2416 3399 Jeder ſich ſelbſt zu eignem Nutz
863 3389 2805 3560 Wie dem Herrſcher zu lohnendem Dank,
945 3529 2723 3758 Beyden zu höchlichem Ruhmes„Gewinn.
907 3809 2406 3990 Denn wer entreiſſet ſie jetzt
935 3976 2242 4143 Dem gewaltgen Beſitzer?
945 4123 2618 4311 Ihm gehört ſie, ihm ſey ſie gegönnt,
935 4300 2409 4461 Doppelt von uns gegönnt, die er
938 4454 2976 4628 Sammt ihr zugleich innen mit ſicherſter Mauer
962 4601 2676 4812 Auſſen mit mächtigſtem Heer umgab.
3075 580 3160 720 127
