4096 6144
730 901 2720 1085 Des Menſchen Leben lebt im Blut, und wo
757 1051 2856 1269 Bewegt das Blut ſich wie im Jüngling ſo?
757 1221 2897 1396 Das iſt lebendig Blut in friſcher Kraft,
764 1372 2785 1556 Das neues Leben ſich aus Leben ſchaft.
750 1525 2976 1723 Da regt ſich alles, da wird was gethan,
774 1675 3133 1873 Das Schwache fällt, das Tüchtige tritt heran.
795 1836 3160 2020 Indeſſen wir die halbe Welt gewonnen
795 1983 3174 2191 Was habt ihr denn gethan? genickt, geſonnen,
795 2133 3106 2327 Geträumt, erwogen, Plan und im̄er Plan.
795 2283 2962 2474 Gewiß das Alter iſt ein kaltes Fieber
808 2450 2809 2621 Im Froſt von grillenhafter Noth.
812 2631 2836 2798 Hat einer dreyßig Jahr vorüber,
815 2764 2679 2966 So iſt er ſchon ſo gut wie todt.
802 2932 3235 3116 Am beſten wär’s euch zeitig todtzuſchlagen.
1553 3123 1921 3287 Meph.
866 3239 3218 3430 Der Teufel hat hier weiter nichts zu ſagen.
1594 3437 1931 3543 Bacc.
887 3529 3225 3737 Wenn ich nicht will, ſo darf kein Teufel ſeyn.
1617 3676 2614 3911 Meph. / abſeits /
877 3874 3266 4085 Der Teufel ſtellt dir nächſtens doch ein Bein.
1498 4096 1819 4249 Bacc.
716 4191 2710 4362 Dies iſt der Jugend edelſter Beruf!
699 4345 3007 4495 Die Welt ſie war nicht eh ich ſie erſchuf;
699 4457 3082 4608 Die Sonne führt’ ich aus dem Meer herauf;
733 4590 3211 4720 Mit mir begann der Mond des Wechſels Lauf;
1664 4664 2063 4782 der Tag
730 4717 3229 4877 Da ſchmückte ſich die Welt auf meinen Wegen,
1000 4816 1194 4939 Erde
723 4843 2775 5000 Die grünte, blühte mir entgegen.
737 4966 3123 5126 Auf meinen Wink, in jener erſten Nacht,
771 5096 2757 5287 Entfaltete ſich aller Sterne Pracht.
3143 547 3266 691 58
