4096 6144
1396 945 3546 1126 Nach drüben iſt die Ausſicht uns verrannt;
1406 1085 3857 1269 Thor! wer dorthin die Augen blinzelnd richtet,
1396 1225 3525 1409 Sich über Wolken ſeines gleichen dichtet;
1419 1375 3389 1556 Er ſtehe feſt und ſehe hier ſich um;
1378 1512 3795 1686 Dem Tüchtigen iſt dieſe Welt nicht ſtumm,
1416 1652 3901 1836 Was braucht er in die Ewigkeit zu ſchweifen,
1409 1798 3553 1962 Was er erkennt läßt ſich ergreifen;
1423 1930 3507 2109 Er wandle ſo den Erdentag entlang;
1413 2078 3795 2245 Wenn Geiſter ſpuken geh er ſeinen Gang,
1419 2222 3894 2406 Im Weiterſchreiten find er Quaal und Glück,
1419 2365 3758 2563 Nur mißvergnügt in jeden Augenblick.
2160 2553 2631 2737 Sorge.
1897 2682 3529 2850 Wen ich einmal mir beſitze
1884 2810 3640 2979 Dem iſt alle Welt nichts nütze,
1930 2949 3732 3123 Ewiges Düſtre ſteigt herunter,
1918 3089 3764 3269 Sonne geht nicht auf noch unter,
1928 3235 3857 3379 Bey vollkom̄nen äußern Sinnen
1925 3372 3662 3529 Wohnen Finſterniſſe drinnen.
1914 3495 3771 3648 Und er weiß von allen Schätzen
1897 3624 3519 3795 Sich nicht in Beſitz zu ſetzen.
1928 3761 3898 3932 Glück und Unglück wird zur Grille,
1966 3884 3597 4058 Er verhungert in der Fülle,
1925 4017 3607 4208 Sey es Wonne ſey es Plage
1921 4171 3747 4345 Schiebt ers zu dem andern Tage,
2007 4287 3843 4495 Iſt der Zukunft nur gewärtig
1935 4403 3896 4643 Und ſo wird er niemals fertig.
2099 4556 2532 4730 Fauſt.
1438 4715 3788 4935 Hör auf! ſo kommſt du mir nicht bey!
1484 4864 3686 5068 Ich mag nicht ſolchen Unſinn hören.
1459 4992 3399 5217 Fahrhin! die ſchlechte Litaney
1491 5160 3932 5341 Sie könnte ſelbſt den klügſten Mann bethören.
