4096 6144
1375 853 3409 1058 Haltefeſt. /: bejahrt, ſtark bewaffnet,
2194 1013 3085 1184 ohne Gewand :/
1051 1160 2850 1324 Damit iſt auch nicht viel gewonnen,
1058 1303 3017 1471 Bald iſt ein großes Gut zerronnen,
1064 1440 2894 1617 Es rauſcht im Lebensſtrom hinab.
1054 1561 3425 1786 Zwar nehmen iſt recht gut doch beſſer iſts behalten;
1051 1730 3229 1914 Laß du den grauen Kerl nur walten
1064 1887 3167 2065 Und niemand nimmt dir etwas ab.
1474 2027 3358 2293 /: ſie ſteigen allzuſam̄en tiefer :/
1276 2355 2286 2542 Auf dem Vorgebirg
870 2484 3024 2689 Trom̄eln und kriegeriſche Muſick von unten.
1051 2645 2822 2843 Des Kaiſers Zelt wird aufgeſchlagen.
986 2894 2870 3102 Kaiſer. Obergeneral. Trabanten
1549 3095 2068 3259 Ob. Gen.
552 3283 3225 3474 Noch immer ſcheint der Vorſatz wohl erwogen
542 3444 2580 3642 Daß wir, in dieß gelegene Thal,
537 3609 3200 3819 Das ganze Heer gedrängt zurückgezogen,
614 3758 2688 3993 Ich hoffe feſt uns glückt die Wahl.
1536 3956 2030 4089 Kaiſer.
573 4133 2826 4307 Wie es nun geht, es muß ſich zeigen;
566 4297 3211 4488 Doch mich verdrießt die halbe Flucht, das Weichen.
1500 4444 1991 4685 Ob. Gen.
2488 4522 2880 4655 rechte
600 4611 3222 4795 Schau hier, mein Fürſt, auf unſre linke Flanke.
583 4746 3251 4976 Solch ein Terrain wünſcht ſich der Kriegsgedanke;
593 4910 3072 5114 Nicht ſteil die Hügel, doch nicht allzu gänglich,
599 5053 3107 5217 Den Unſern vortheilhaft, dem Feind verfänglich.
610 5181 3082 5362 Wir, halb verſteckt, auf wellenförmigem Plan;
604 5317 2996 5505 Die Reiterey ſie wagt ſich nicht heran.
3261 609 3384 762 149
