4096 6144
1368 774 1829 918 Sirenen.
1092 942 2440 1105 Euch dem Helios Geweihten,
1082 1075 2546 1232 Heiteren Tags Gebenedeyten,
1095 1211 2546 1378 Gruß zur Stunde, die bewegt
1095 1341 2585 1551 Lunas Hochverehrung regt!
1418 1597 1986 1792 Telchinen.
529 1754 3017 1942 Alllieblichſte Göttin am Bogen da droben
515 1911 3157 2095 Du hörſt mit Entzücken den Bruder beloben.
501 2058 3048 2269 Der ſeligen Rhodus verleihſt du ein Ohr,
512 2215 3085 2457 Dort ſteigt ihm ein ewiger Päean hervor.
539 2368 3181 2621 Beginnt er den Tagslauf und iſt es gethan,
610 2536 3003 2771 Er blickt uns mit feurigem Strahlenblick an.
542 2734 3106 2932 Die Berge, die Städte, die Ufer, die Welle,
563 2891 2993 3119 Gefallen dem Gotte, ſind lieblich und helle.
535 3058 3259 3273 Kein Nebel umſchwebt uns, und ſchleicht er ſich ein,
542 3215 3281 3471 Ein Strahl und ein Lüftchen und die Inſel iſt rein!
532 3420 3215 3638 Da ſchaut ſich der Hohe in hundert Gebilden,
539 3573 3290 3792 Als Jüngling, als Rieſen, den großen, den milden.
563 3761 3109 3938 Wir erſten wir waren’s, die Göttergewalt
532 3896 3148 4126 Aufſtellten in würdiger Menſchengeſtalt.
1290 4101 1914 4383 Proteus.
822 4283 2754 4502 Laß du ſie ſingen, laß ſie prahlen!
815 4478 2764 4648 Der Sonne heiligen Lebeſtrahlen
822 4635 2809 4802 Sind todte Werke, nur ein Spaß.
808 4766 2954 4971 Das bildet, ſchmelzend, unverdroſſen;
822 4959 2771 5140 Und haben ſie’s in Erz gegoſſen
819 5126 2754 5277 Dann denken ſie es wäre was.
3068 645 3239 791 32
