4096 6144
1464 914 1778 1078 Meph.
832 1082 3078 1269 Ich rühme dich eh du dich von mir trennſt,
849 1228 3099 1413 Und ſehe wohl daß du den Teufel kennſt;
839 1396 2440 1573 Hier dieſen Schlüſſel nimm.
1372 1551 1848 1761 Fauſt.
2024 1696 3061 1853 Das kleine Ding!
1474 1901 1863 2085 Meph.
849 2061 3143 2256 Erſt faß’ ihn an und ſchätz’ ihn nicht gering.
1396 2215 1846 2409 Fauſt.
826 2362 3328 2546 Er wächſt in meiner Hand! er leuchtet, blitzt!
1500 2544 1873 2721 Meph.
832 2676 3273 2853 Merkſt du nun bald was man an ihm beſitzt?
812 2853 3276 3000 Der Schlüſſel wird die rechte Stelle wittern,
849 2974 3333 3184 Folg ihm hinab, er führt dich zu den Müttern.
1418 3148 2867 3374 Fauſt. /: ſchaudernd :/
788 3345 3351 3512 Den Müttern! Trifft’s mich immer wie ein Schlag!
805 3498 3242 3696 Was iſt das Wort das ich nicht hören mag?
1536 3676 1940 3870 Meph.
819 3843 3331 4020 Biſt du beſchränkt daß neues Wort dich ſtört?
803 3983 3230 4203 Willſt du nur hören was du ſchon gehört?
802 4171 3280 4338 Dich ſtöre nichts wie es auch weiter klinge,
836 4321 3338 4509 Schon längſt gewohnt der wunderbarſten Dinge.
1488 4481 1921 4676 Fauſt.
808 4648 3304 4850 Doch im Erſtarren ſuch ich nicht mein Heil,
836 4802 3328 4990 Das Schaudern iſt der Menſchheit beſtes Theil;
853 4952 3334 5164 Wie auch die Welt ihm das Gefühl vertheure,
836 5092 3205 5324 Ergriffen, fühlt er tief das Ungeheure.
3220 665 3317 834 42
