<?xml version="1.0" encoding="UTF-8"  standalone="yes"?>
<PcGts xmlns="http://schema.primaresearch.org/PAGE/gts/pagecontent/2019-07-15" xmlns:xsi="http://www.w3.org/2001/XMLSchema-instance" xsi:schemaLocation="http://schema.primaresearch.org/PAGE/gts/pagecontent/2019-07-15 http://schema.primaresearch.org/PAGE/gts/pagecontent/2019-07-15/pagecontent.xsd">
  <Metadata>
	<Creator>escriptorium</Creator>
	<Created>2023-07-08T12:30:09.641158+00:00</Created>
        <LastChange>2023-07-08T12:30:09.641171+00:00</LastChange>

  </Metadata>
  <Page imageFilename="391098_0349_0.jpg" imageWidth="4096" imageHeight="6144">

    
    <TextRegion id="eSc_textblock_022aae3e"  custom="structure {type:text;}">
      <Coords points="2495,791 2713,805 2918,928 2959,1402 3109,1733 3164,3123 3368,3399 3341,3546 3232,3631 3191,3751 3314,3809 3341,4092 3300,4242 3177,4365 2822,4461 2990,4696 3259,4874 3273,5061 2973,5253 2713,5294 1443,5253 873,5294 805,5225 750,4887 832,4761 887,4437 846,4232 723,4174 696,4037 723,3932 819,3860 860,3587 873,2563 832,1925 737,1771 819,1498 737,832 2495,791"/>
      
      
      <TextLine id="eSc_line_adda7d2a" custom="structure {type:default;}">
        <Coords points="2595,798 2575,793 2350,839 2119,839 2073,803 2068,798 2032,803 1986,803 1981,808 1935,834 1858,814 1832,803 1827,808 1776,808 1725,808 1674,808 1623,808 1571,814 1520,814 1469,814 1433,814 1372,834 1326,849 1290,839 1228,819 1213,819 1162,824 1111,824 1059,824 1008,824 957,824 906,829 855,829 849,829 752,860 757,947 757,1029 901,1029 906,1029 911,1029 911,1024 957,983 1223,1029 1249,1029 1254,1029 1423,1024 1428,1024 1433,1024 1525,972 1884,1008 1889,1008 2073,967 2176,1003 2181,1003 2186,1003 2406,957 2682,993 2688,916 2672,803 2647,803"/>
        <Baseline points="760,948 2689,921"/>
        <TextEquiv>
          <Unicode>Zu überſchaun mit einem Blick,</Unicode>
        </TextEquiv>
      </TextLine>

      
      
      <TextLine id="eSc_line_4febf911" custom="structure {type:default;}">
        <Coords points="798,1090 798,1131 936,1157 942,1157 947,1157 993,1136 1034,1121 1085,1136 1116,1146 1121,1146 1126,1146 1131,1146 1167,1141 1218,1126 1239,1141 1264,1162 1269,1162 1274,1162 1280,1167 1612,1167 1612,1162 1617,1162 1653,1146 1699,1126 1863,1146 1868,1146 2088,1121 2232,1157 2268,1162 2273,1162 2278,1162 2293,1157 2380,1121 2524,1157 2529,1157 2534,1157 2539,1157 2636,1121 2723,1162 2728,1162 2734,1167 2897,1167 2903,1085 2892,947 2657,947 2652,947 2647,947 2641,947 2641,952 2600,993 2529,952 2513,947 2508,947 2503,947 2447,957 2263,993 2017,967 1899,957 1894,957 1889,957 1884,957 1863,972 1832,988 1817,972 1802,962 1802,957 1797,957 1792,957 1786,957 1679,977 1669,977 1658,977 1510,947 1505,947 1500,947 1418,983 1397,993 1346,988 1157,957 1152,957 1146,957 1044,993 957,967 952,967 947,967 793,998 798,1090"/>
        <Baseline points="802,1092 2907,1088"/>
        <TextEquiv>
          <Unicode>Des Menſchengeiſtes Meiſterſtück,</Unicode>
        </TextEquiv>
      </TextLine>

      
      
      <TextLine id="eSc_line_282a01b0" custom="structure {type:default;}">
        <Coords points="880,1228 884,1266 935,1252 948,1266 976,1290 979,1290 983,1290 986,1293 1109,1293 1109,1290 1290,1259 1327,1256 1334,1259 1368,1283 1372,1283 1375,1283 1378,1283 1515,1256 1600,1242 1655,1242 1679,1256 1703,1273 1706,1273 1710,1273 1713,1273 1716,1273 1720,1273 1751,1252 1757,1249 1802,1252 1867,1259 1870,1259 1873,1259 1897,1252 1921,1242 1935,1249 1993,1286 1996,1286 2000,1286 2003,1290 2167,1290 2167,1286 2170,1286 2174,1286 2174,1283 2201,1256 2218,1266 2222,1266 2225,1266 2228,1266 2658,1239 2686,1239 2689,1239 2734,1280 2737,1280 2740,1280 2744,1280 2747,1280 2860,1235 2860,1218 2853,1160 2699,1160 2645,1119 2641,1119 2638,1119 2563,1119 2560,1119 2556,1119 2553,1119 2505,1160 2317,1160 2256,1119 2252,1119 2249,1119 2194,1119 2191,1119 2187,1119 2116,1143 1931,1122 1928,1122 1925,1122 1921,1122 1921,1126 1880,1160 1628,1122 1624,1122 1621,1122 1536,1160 1529,1163 1512,1160 1341,1133 1338,1133 1334,1133 1256,1157 1170,1126 1167,1126 1163,1126 1160,1126 1078,1157 1041,1126 1037,1126 1034,1126 955,1126 952,1126 948,1126 877,1157 880,1228"/>
        <Baseline points="880,1228 2860,1218"/>
        <TextEquiv>
          <Unicode>Bethätigend, mit klugem Sinn,</Unicode>
        </TextEquiv>
      </TextLine>

      
      
      <TextLine id="eSc_line_3d7fab3a" custom="structure {type:default;}">
        <Coords points="843,1378 843,1416 935,1402 962,1416 1010,1440 1013,1440 1017,1440 1020,1440 1092,1413 1122,1402 1146,1413 1187,1433 1191,1433 1194,1433 1198,1433 1228,1419 1324,1437 1327,1437 1331,1437 1378,1409 1385,1409 1457,1409 1826,1416 1829,1416 1918,1402 1993,1392 2013,1402 2051,1419 2054,1419 2187,1430 2191,1430 2365,1426 2368,1426 2437,1396 2454,1389 2867,1389 2870,1358 2867,1293 2839,1276 2836,1276 2833,1276 2829,1276 2826,1276 2822,1276 2795,1297 2788,1303 2392,1303 2389,1303 2331,1256 2327,1256 2324,1256 2187,1256 2184,1256 2181,1256 2177,1256 2102,1307 2099,1310 1959,1310 1959,1307 1897,1259 1894,1259 1890,1259 1887,1259 1884,1259 1880,1259 1826,1300 1689,1262 1686,1262 1682,1262 1679,1262 1604,1283 1570,1269 1566,1269 1563,1269 1559,1269 1464,1314 1416,1276 1413,1276 1409,1276 1228,1266 1225,1266 1221,1266 1218,1266 1153,1317 1150,1320 1041,1320 1041,1317 993,1273 993,1269 989,1269 986,1269 911,1269 907,1269 904,1269 901,1269 839,1307 843,1378"/>
        <Baseline points="843,1378 2870,1358"/>
        <TextEquiv>
          <Unicode>Der Völker breiten Wohngewinn.</Unicode>
        </TextEquiv>
      </TextLine>

      
      
      <TextLine id="eSc_line_94789b14" custom="structure {type:default;}">
        <Coords points="1047,1563 1051,1597 1140,1576 1221,1594 1242,1597 1245,1597 1249,1597 1252,1597 1256,1594 1280,1573 1423,1573 1454,1590 1457,1590 1460,1590 1464,1590 1498,1587 1665,1570 1768,1580 1846,1590 1850,1590 1942,1576 1976,1573 1986,1576 2010,1587 2013,1587 2017,1587 2020,1587 2024,1587 2037,1576 2054,1566 2116,1573 2228,1587 2232,1587 2324,1570 2327,1570 2331,1570 2682,1580 2686,1580 2689,1580 2734,1563 2874,1580 2877,1580 2880,1580 2955,1553 2955,1532 2945,1450 2850,1471 2423,1460 2331,1460 2327,1460 2269,1464 2133,1477 2116,1467 2082,1443 2078,1443 2075,1443 2071,1443 1908,1471 1870,1447 1867,1447 1863,1447 1860,1447 1587,1471 1355,1450 1351,1450 1348,1450 1286,1481 1259,1457 1259,1454 1256,1454 1252,1454 1160,1454 1157,1454 1153,1454 1044,1491 1047,1563"/>
        <Baseline points="1047,1563 1426,1546 2955,1532"/>
        <TextEquiv>
          <Unicode>So ſind am härtſten wir gequält</Unicode>
        </TextEquiv>
      </TextLine>

      
      
      <TextLine id="eSc_line_19cd36f5" custom="structure {type:default;}">
        <Coords points="788,1771 988,1735 1331,1766 1377,1766 1382,1766 1387,1766 1397,1761 1469,1730 1669,1756 1725,1761 1730,1761 1735,1761 1751,1756 1807,1725 1930,1751 1976,1756 1981,1756 1986,1756 1991,1756 2001,1745 2042,1720 2508,1720 2519,1735 2539,1751 2544,1751 2549,1751 2554,1751 2944,1720 2949,1669 2938,1571 2734,1546 2728,1546 2723,1546 2652,1571 2611,1582 2544,1571 2432,1551 2426,1551 2421,1551 2344,1571 2278,1592 1960,1592 1832,1571 1751,1561 1745,1561 1740,1561 1735,1561 1720,1571 1684,1597 1515,1571 1484,1571 1479,1571 1459,1571 1336,1597 1218,1576 1167,1566 1162,1566 1157,1566 1152,1566 1152,1571 1146,1576 1111,1607 1034,1576 1024,1571 1018,1571 916,1571 911,1571 906,1571 901,1571 901,1576 865,1607 788,1576 788,1699 788,1771"/>
        <Baseline points="790,1703 2952,1672"/>
        <TextEquiv>
          <Unicode>Im Reichthum fühlend was uns fehlt.</Unicode>
        </TextEquiv>
      </TextLine>

      
      
      <TextLine id="eSc_line_1bad4826" custom="structure {type:default;}">
        <Coords points="843,1829 843,1856 942,1856 945,1856 1010,1908 1013,1908 1017,1908 1020,1908 1174,1904 1177,1904 1181,1904 1252,1853 1256,1853 1286,1853 1344,1901 1344,1904 1348,1904 1351,1904 1355,1904 1447,1901 1450,1901 1556,1850 1645,1850 1774,1897 1778,1897 1781,1901 1952,1901 1952,1897 1955,1897 2058,1867 2191,1877 2194,1877 2198,1877 2307,1839 2314,1839 2317,1839 2406,1867 2409,1867 2413,1867 2416,1867 2471,1843 2590,1860 2594,1860 2713,1856 2717,1856 2720,1856 2751,1836 2839,1884 2843,1884 2846,1884 2850,1884 2853,1884 2921,1832 2925,1832 3058,1832 3061,1802 3054,1713 2925,1703 2921,1703 2918,1703 2914,1703 2901,1716 2887,1727 2863,1716 2829,1703 2826,1703 2822,1703 2819,1703 2778,1716 2720,1744 2635,1744 2570,1723 2508,1706 2505,1706 2501,1706 2498,1706 2433,1727 2379,1747 2174,1751 1870,1751 1843,1740 1757,1720 1754,1720 1751,1720 1747,1720 1744,1720 1706,1744 1696,1751 1686,1744 1645,1727 1641,1727 1638,1727 1634,1727 1631,1727 1607,1747 1597,1754 1563,1747 1409,1720 1406,1720 1402,1720 1399,1720 1399,1723 1365,1751 1338,1733 1334,1733 1331,1733 1327,1733 1324,1733 1262,1754 1252,1757 1245,1757 1153,1727 1150,1727 1146,1727 1143,1727 1095,1744 976,1727 972,1727 969,1727 965,1727 931,1757 839,1764 843,1829"/>
        <Baseline points="843,1829 3061,1802"/>
        <TextEquiv>
          <Unicode>Des Glöckchens Klang, der Linden Duft</Unicode>
        </TextEquiv>
      </TextLine>

      
      
      <TextLine id="eSc_line_3e389050" custom="structure {type:default;}">
        <Coords points="875,1971 875,2012 993,2048 998,2048 1003,2048 1387,2042 1392,2042 1397,2042 1428,2022 1438,2012 1448,2022 1484,2048 1489,2048 1495,2048 1500,2053 1715,2053 1715,2048 1720,2048 1725,2048 1725,2042 1751,2022 1771,2007 2124,2027 2145,2027 2150,2027 2155,2027 2298,2001 2339,2032 2360,2048 2365,2048 2370,2048 2375,2048 2380,2048 2385,2048 2406,2032 2437,2007 2483,2027 2488,2027 2493,2027 2498,2027 2554,2001 2897,2001 3082,2037 3087,1971 3087,1848 2872,1848 2867,1848 2862,1848 2856,1848 2856,1853 2816,1889 2698,1848 2688,1848 2682,1848 2498,1848 2493,1848 2488,1848 2483,1848 2483,1853 2478,1853 2442,1894 2370,1853 2355,1848 2350,1848 2170,1848 2165,1848 2160,1848 2155,1848 2145,1858 2088,1899 1771,1899 1725,1863 1725,1858 1720,1858 1715,1858 1710,1858 1704,1858 1694,1863 1638,1894 1454,1868 1448,1868 1443,1868 1377,1894 1300,1868 1254,1848 1249,1848 1244,1848 1239,1848 1192,1868 1131,1894 875,1873 875,1971"/>
        <Baseline points="880,1976 3088,1975"/>
        <TextEquiv>
          <Unicode>Umfängt mich wie in Kirch und Gruft.</Unicode>
        </TextEquiv>
      </TextLine>

      
      
      <TextLine id="eSc_line_c2e37703" custom="structure {type:default;}">
        <Coords points="866,2119 866,2150 962,2136 1037,2153 1061,2157 1064,2157 1068,2157 1085,2153 1136,2136 1177,2150 1239,2174 1242,2174 1245,2177 1382,2177 1382,2174 1385,2174 1389,2174 1433,2146 1447,2140 1515,2146 1559,2150 1563,2150 1590,2146 1662,2129 1713,2143 1798,2170 1802,2170 1805,2174 1911,2174 1911,2170 1914,2170 1969,2140 1996,2126 2112,2140 2164,2143 2167,2143 2245,2136 2372,2126 2396,2136 2467,2164 2471,2164 2474,2164 2478,2164 2481,2164 2481,2160 2508,2133 2522,2123 2583,2123 2607,2133 2658,2160 2662,2160 2665,2164 2805,2164 2805,2160 2809,2160 2860,2133 2880,2146 2884,2146 2887,2146 2891,2146 2894,2146 2897,2146 2921,2129 2935,2119 2979,2126 2983,2099 2973,2041 2856,2041 2853,2041 2792,2010 2788,2010 2785,2010 2781,2010 2778,2010 2737,2037 2713,2017 2713,2013 2710,2013 2706,2013 2703,2013 2699,2013 2662,2027 2635,2003 2635,2000 2631,2000 2628,2000 2624,2000 2365,2020 2344,2003 2341,2003 2338,2003 2334,2003 2215,2007 2211,2007 2208,2007 2167,2041 1986,2048 1918,2051 1908,2051 1826,2024 1822,2024 1819,2024 1815,2024 1723,2051 1720,2054 1419,2054 1416,2054 1307,2020 1303,2020 1300,2020 1297,2020 1215,2058 1211,2058 1157,2027 1153,2027 1150,2027 1146,2027 1041,2058 1000,2020 996,2020 993,2020 989,2020 986,2020 863,2058 866,2119"/>
        <Baseline points="866,2119 2983,2099"/>
        <TextEquiv>
          <Unicode>Des allgewaltigen Willes Kühr</Unicode>
        </TextEquiv>
      </TextLine>

      
      
      <TextLine id="eSc_line_e2f79128" custom="structure {type:default;}">
        <Coords points="897,2273 1024,2290 1027,2290 1102,2273 1112,2273 1119,2273 1215,2310 1218,2310 1221,2314 1389,2314 1389,2310 1392,2310 1396,2310 1430,2283 1467,2293 1471,2293 1474,2293 1563,2273 1594,2269 1720,2269 1727,2273 1761,2304 1761,2307 1764,2307 1768,2307 1771,2310 1832,2310 1832,2307 1836,2307 1839,2307 1877,2273 1887,2269 1918,2273 2010,2290 2013,2290 2017,2290 2048,2273 2065,2266 2075,2273 2085,2283 2088,2283 2092,2283 2095,2283 2099,2283 2102,2283 2112,2273 2126,2266 2150,2273 2177,2283 2181,2283 2184,2283 2321,2273 2362,2273 2372,2273 2454,2300 2457,2300 2461,2304 2577,2304 2577,2300 2580,2300 2583,2300 2614,2273 2621,2269 2932,2273 2938,2239 2935,2191 2850,2167 2846,2167 2843,2167 2839,2167 2836,2167 2812,2187 2809,2187 2713,2177 2676,2146 2672,2146 2669,2146 2665,2146 2662,2146 2658,2146 2600,2184 2597,2187 2583,2184 2467,2157 2464,2157 2461,2157 2457,2157 2426,2184 2413,2194 2375,2194 2365,2181 2331,2153 2331,2150 2327,2150 2324,2150 2153,2150 2150,2150 2146,2150 2143,2150 2106,2177 2095,2187 2061,2177 1962,2150 1959,2150 1955,2150 1952,2150 1949,2150 1918,2177 1890,2198 1498,2198 1447,2170 1413,2153 1409,2153 1406,2153 1402,2153 1372,2170 1320,2198 1218,2167 1184,2157 1181,2157 1010,2157 1006,2157 1003,2157 986,2164 952,2177 897,2164 897,2252 897,2273"/>
        <Baseline points="897,2252 2938,2239"/>
        <TextEquiv>
          <Unicode>Bricht ſich an dieſem Sande hier.</Unicode>
        </TextEquiv>
      </TextLine>

      
      
      <TextLine id="eSc_line_882575d6" custom="structure {type:default;}">
        <Coords points="890,2399 890,2423 955,2454 959,2454 962,2454 965,2454 969,2454 1010,2423 1013,2420 1013,2423 1037,2437 1041,2437 1044,2437 1047,2437 1170,2420 1201,2416 1218,2420 1382,2457 1385,2457 1389,2457 1491,2416 1498,2413 1508,2416 1628,2447 1631,2447 1634,2447 1638,2447 1713,2413 1720,2409 1737,2413 1815,2426 1819,2426 1822,2426 1877,2409 1894,2406 1911,2409 2010,2433 2013,2433 2129,2420 2157,2440 2160,2440 2164,2440 2167,2440 2170,2440 2286,2409 2433,2409 2488,2433 2491,2433 2495,2433 2498,2433 2553,2420 2607,2447 2611,2447 2614,2450 2771,2450 2771,2447 2846,2443 2850,2443 2853,2443 2884,2416 2935,2430 2938,2430 2942,2430 2945,2430 2949,2430 2990,2399 3020,2420 3024,2420 3027,2420 3031,2420 3034,2420 3089,2392 3089,2375 3082,2273 3000,2273 2996,2273 2993,2273 2990,2273 2914,2321 2870,2300 2867,2300 2863,2300 2860,2300 2764,2331 2542,2331 2481,2300 2478,2300 2474,2300 2471,2300 2467,2300 2426,2334 2177,2334 2119,2293 2116,2293 2112,2293 2109,2293 2106,2293 2102,2293 2044,2334 1880,2307 1877,2307 1873,2307 1870,2307 1870,2310 1843,2338 1774,2338 1617,2286 1614,2286 1611,2286 1518,2286 1515,2286 1460,2290 1372,2297 1368,2297 1365,2297 1297,2344 1208,2344 1064,2293 1061,2293 1058,2293 887,2293 890,2399"/>
        <Baseline points="890,2399 3089,2375"/>
        <TextEquiv>
          <Unicode>Wie ſchaff ich ich mir es vom Gemüthe!</Unicode>
        </TextEquiv>
      </TextLine>

      
      
      <TextLine id="eSc_line_03ff2c28" custom="structure {type:default;}">
        <Coords points="894,2522 890,2546 1006,2566 1051,2607 1054,2607 1058,2607 1061,2611 1198,2611 1198,2607 1201,2607 1290,2556 1327,2580 1331,2580 1334,2580 1338,2580 1341,2580 1365,2566 1416,2607 1419,2607 1423,2607 1426,2611 1518,2611 1518,2607 1522,2607 1525,2607 1597,2553 1836,2570 1839,2570 1942,2556 2061,2587 2065,2587 2068,2587 2198,2556 2297,2614 2300,2614 2304,2614 2307,2614 2467,2611 2471,2611 2474,2611 2529,2566 2624,2614 2628,2614 2631,2618 2744,2618 2744,2614 2747,2614 2891,2560 3003,2560 3007,2532 3000,2471 2887,2471 2884,2467 2836,2443 2833,2443 2829,2443 2826,2443 2822,2443 2785,2467 2778,2474 2563,2474 2553,2467 2488,2443 2484,2443 2481,2443 2478,2443 2454,2457 2413,2423 2409,2423 2406,2423 2153,2420 2150,2420 2146,2420 2143,2420 2088,2467 2000,2423 1996,2423 1890,2420 1887,2420 1884,2420 1880,2420 1809,2464 1802,2471 1662,2471 1655,2464 1594,2416 1590,2416 1587,2416 1583,2416 1389,2423 1385,2423 1314,2464 1307,2467 1221,2467 1218,2464 1177,2423 1177,2420 1174,2420 1170,2420 1167,2420 1163,2420 1160,2420 1116,2454 1037,2433 1034,2433 1030,2433 1027,2433 969,2464 965,2464 894,2464 894,2522"/>
        <Baseline points="894,2522 3007,2532"/>
        <TextEquiv>
          <Unicode>Das Glöcklein läutet und ich wüthe.</Unicode>
        </TextEquiv>
      </TextLine>

      
      
      <TextLine id="eSc_line_554ed581" custom="structure {type:default;}">
        <Coords points="1510,2698 1510,2775 2022,2744 2022,2688 2007,2554 1740,2595 1689,2585 1592,2560 1587,2560 1582,2560 1576,2560 1505,2595 1510,2698"/>
        <Baseline points="1511,2699 2027,2692"/>
        <TextEquiv>
          <Unicode>Mephiſt.</Unicode>
        </TextEquiv>
      </TextLine>

      
      
      <TextLine id="eSc_line_461dc9db" custom="structure {type:default;}">
        <Coords points="880,2839 880,2884 1024,2867 1126,2877 1204,2887 1208,2887 1211,2887 1215,2887 1232,2877 1262,2860 1327,2860 1372,2874 1450,2894 1454,2894 1457,2894 1460,2894 1536,2867 1590,2850 1706,2850 1733,2863 1768,2884 1771,2884 1774,2884 1778,2884 1781,2884 1853,2860 1870,2853 1887,2856 1986,2894 1989,2894 1993,2894 2225,2891 2228,2891 2232,2891 2290,2846 2300,2839 2310,2846 2389,2887 2392,2887 2396,2887 2399,2887 2402,2887 2478,2843 2488,2836 2501,2839 2580,2870 2583,2870 2587,2870 2590,2870 2696,2836 2706,2833 2710,2836 2754,2870 2757,2870 2761,2870 2764,2870 2768,2870 2795,2856 2874,2874 2877,2874 2880,2874 2884,2874 2921,2839 2973,2856 2976,2856 2979,2856 3133,2822 3133,2805 3123,2696 2795,2703 2792,2703 2788,2703 2785,2706 2744,2744 2672,2744 2594,2717 2590,2717 2587,2717 2583,2717 2580,2717 2536,2747 2396,2747 2355,2720 2341,2710 2338,2710 2334,2710 2331,2710 2327,2710 2286,2723 2239,2737 2106,2727 1925,2717 1921,2717 1918,2717 1880,2737 1843,2754 1747,2740 1696,2734 1693,2734 1689,2734 1672,2744 1641,2761 1542,2761 1505,2747 1450,2730 1447,2730 1443,2730 1252,2747 1129,2727 1126,2727 1122,2727 1058,2751 976,2730 972,2730 969,2730 965,2730 962,2730 918,2768 914,2771 877,2771 880,2839"/>
        <Baseline points="880,2839 3133,2805"/>
        <TextEquiv>
          <Unicode>Natürlich! daß ein Hauptverdruß</Unicode>
        </TextEquiv>
      </TextLine>

      
      
      <TextLine id="eSc_line_901bfee9" custom="structure {type:default;}">
        <Coords points="880,2969 880,3000 925,3017 928,3017 931,3017 935,3017 938,3017 962,3000 969,2996 1167,2996 1174,2996 1204,3017 1208,3017 1211,3017 1215,3017 1573,2993 1594,2993 1597,2993 1655,3013 1658,3013 1662,3013 1665,3013 1713,2993 1720,2990 1723,2993 1768,3007 1771,3007 1774,3007 1850,2990 1870,3007 1870,3010 1873,3010 1877,3010 1880,3013 2129,3013 2129,3010 2133,3010 2191,2986 2211,3007 2215,3007 2218,3007 2222,3007 2225,3007 2280,2990 2300,3007 2304,3007 2307,3007 2310,3010 2495,3010 2495,3007 2498,3007 2580,2983 2583,2983 2587,2983 2874,3003 2877,3003 2983,2976 2983,2952 2976,2853 2914,2853 2911,2853 2908,2853 2812,2901 2628,2880 2624,2880 2512,2897 2450,2870 2447,2870 2443,2870 2440,2870 2338,2908 1952,2908 1914,2891 1911,2891 1908,2891 1774,2908 1744,2877 1730,2867 1730,2863 1727,2863 1723,2863 1720,2863 1716,2863 1713,2863 1689,2877 1662,2894 1611,2880 1597,2877 1594,2877 1590,2877 1587,2877 1576,2880 1512,2911 1454,2884 1406,2863 1402,2863 1399,2863 1146,2867 1143,2867 1140,2867 1140,2870 1122,2884 989,2867 986,2867 983,2867 979,2867 935,2894 925,2901 877,2897 880,2969"/>
        <Baseline points="880,2969 2983,2952"/>
        <TextEquiv>
          <Unicode>Das Leben dir vergällen muß.</Unicode>
        </TextEquiv>
      </TextLine>

      
      
      <TextLine id="eSc_line_85eae70c" custom="structure {type:default;}">
        <Coords points="904,3126 904,3147 986,3170 989,3170 993,3170 1239,3143 1262,3143 1266,3143 1303,3174 1307,3174 1310,3174 1314,3174 1317,3174 1375,3153 1488,3174 1491,3174 1495,3174 1498,3174 1498,3170 1525,3147 1573,3160 1576,3160 1580,3160 1583,3160 1652,3140 1658,3140 1686,3160 1689,3160 1693,3160 1696,3160 1853,3140 1894,3170 1897,3170 1901,3170 1904,3170 1908,3170 1911,3170 1911,3167 1945,3140 2136,3164 2140,3164 2290,3136 2317,3153 2321,3153 2324,3153 2327,3153 2577,3147 2665,3164 2669,3164 3020,3126 3024,3106 3017,3051 2839,3013 2836,3013 2662,3051 2433,3017 2430,3017 2426,3017 2307,3054 2099,3037 2095,3037 2010,3054 1945,3024 1942,3024 1860,3024 1856,3024 1853,3024 1850,3024 1805,3051 1740,3024 1737,3024 1733,3024 1730,3024 1727,3024 1689,3054 1600,3065 1539,3065 1505,3034 1505,3031 1501,3031 1498,3031 1351,3027 1348,3027 1344,3027 1341,3027 1341,3031 1307,3061 1269,3048 1266,3048 1262,3048 1259,3048 1204,3065 1163,3031 1160,3031 1157,3031 1054,3031 1051,3031 1047,3031 979,3068 901,3068 904,3126"/>
        <Baseline points="904,3126 3024,3106"/>
        <TextEquiv>
          <Unicode>Wer läugnets! Jedem edlen Ohr</Unicode>
        </TextEquiv>
      </TextLine>

      
      
      <TextLine id="eSc_line_2f834dfb" custom="structure {type:default;}">
        <Coords points="896,3281 890,3317 1080,3353 1085,3353 1443,3317 1469,3317 1474,3317 1530,3363 1536,3363 1541,3363 1664,3368 1669,3368 2053,3328 2135,3368 2140,3368 2145,3368 2150,3368 2252,3317 2263,3312 2421,3312 2452,3317 2749,3374 2754,3374 2759,3374 2764,3374 2841,3317 3194,3312 3200,3297 3194,3200 2959,3200 2944,3189 2918,3169 2913,3169 2908,3169 2903,3169 2897,3169 2836,3189 2764,3210 2718,3184 2688,3169 2682,3169 2677,3169 2595,3184 2442,3210 2375,3179 2344,3164 2339,3164 2334,3164 2329,3164 2293,3174 2211,3205 2160,3174 2135,3153 2129,3153 2124,3153 2119,3153 2037,3169 1981,3179 1832,3164 1725,3153 1720,3153 1715,3153 1710,3153 1710,3159 1704,3159 1664,3200 1464,3174 1459,3174 1187,3200 1090,3148 1085,3148 896,3143 896,3281"/>
        <Baseline points="897,3287 3204,3299"/>
        <TextEquiv>
          <Unicode>Kommt das Geklingel widrig vor.</Unicode>
        </TextEquiv>
      </TextLine>

      
      
      <TextLine id="eSc_line_e5435db6" custom="structure {type:default;}">
        <Coords points="897,3457 897,3491 1375,3495 1378,3495 1416,3488 1471,3478 1501,3488 1542,3502 1546,3502 1549,3502 1611,3488 1652,3478 1679,3488 1720,3502 1723,3502 1727,3502 1730,3502 1761,3485 1774,3478 1781,3485 1798,3498 1798,3502 1802,3502 1805,3502 1809,3505 1870,3505 1870,3502 2215,3481 2416,3471 2437,3481 2457,3495 2461,3495 2464,3495 2467,3495 2539,3478 2553,3478 2583,3478 2792,3495 2795,3495 2986,3474 3075,3467 3331,3471 3338,3440 3331,3382 3198,3382 3116,3328 3112,3328 3109,3328 3106,3328 2990,3331 2986,3331 2839,3386 2686,3386 2635,3341 2631,3341 2628,3341 2624,3341 2621,3341 2536,3368 2484,3331 2481,3331 2478,3331 2372,3331 2368,3331 2365,3331 2362,3331 2304,3368 2249,3362 2245,3362 2242,3362 2177,3386 2106,3334 2102,3334 2099,3334 1873,3334 1870,3334 1867,3334 1751,3392 1491,3392 1389,3351 1385,3351 1218,3341 1215,3341 1211,3341 1119,3382 1020,3348 1017,3348 1013,3348 1010,3348 894,3392 897,3457"/>
        <Baseline points="897,3457 3338,3440"/>
        <TextEquiv>
          <Unicode>Und das verfluchte Bim=Baum=Bimmel</Unicode>
        </TextEquiv>
      </TextLine>

      
      
      <TextLine id="eSc_line_92abda1b" custom="structure {type:default;}">
        <Coords points="885,3619 880,3655 3036,3686 3046,3650 3046,3558 3020,3532 3020,3527 3015,3527 3010,3527 3005,3527 2708,3563 2688,3563 2677,3563 2534,3522 2529,3522 2524,3522 2360,3558 2355,3558 2344,3558 2165,3517 2160,3517 1966,3553 1960,3553 1950,3553 1587,3507 1582,3507 1249,3543 993,3502 988,3502 983,3502 885,3537 885,3619"/>
        <Baseline points="890,3624 3051,3651"/>
        <TextEquiv>
          <Unicode>Umnebelt heitern Abendhimmel,</Unicode>
        </TextEquiv>
      </TextLine>

      
      
      <TextLine id="eSc_line_c98b4e2b" custom="structure {type:default;}">
        <Coords points="880,3809 875,3850 1136,3824 1177,3855 1208,3880 1213,3880 1218,3880 1484,3886 1489,3886 1495,3886 1571,3850 1576,3850 1582,3850 1628,3886 1633,3886 1638,3886 1812,3891 1817,3891 1822,3891 1827,3891 1873,3850 1889,3840 1945,3850 2048,3865 2053,3865 2155,3850 2201,3840 2216,3845 2273,3896 2278,3896 2283,3896 2288,3901 2401,3901 2401,3896 2406,3896 2503,3845 2513,3840 2524,3845 2575,3865 2580,3865 2585,3865 2759,3850 2805,3880 2810,3880 2816,3880 2821,3880 2826,3880 2964,3840 2969,3819 2959,3696 2795,3727 2713,3696 2708,3696 2703,3696 2698,3696 2554,3727 2165,3696 2022,3686 2017,3686 2012,3686 1981,3696 1914,3717 1582,3717 1556,3696 1541,3686 1536,3686 1530,3686 1525,3686 1520,3686 1484,3696 1448,3712 1433,3696 1413,3681 1408,3681 1402,3681 1397,3681 1392,3681 1387,3681 1387,3686 1372,3696 1356,3712 1280,3712 1264,3696 1233,3676 1228,3676 1223,3676 1218,3676 880,3696 880,3809"/>
        <Baseline points="884,3812 1310,3799 2973,3822"/>
        <TextEquiv>
          <Unicode>Miſcht ſich in jegliches Begebniß,</Unicode>
        </TextEquiv>
      </TextLine>

      
      
      <TextLine id="eSc_line_8eb205e8" custom="structure {type:default;}">
        <Coords points="3317,3962 3297,3896 3133,3870 3128,3870 2974,3896 2969,3896 2938,3870 2938,3865 2933,3865 2928,3865 2923,3865 2918,3865 2913,3865 2877,3896 2816,3850 2810,3850 2805,3850 2682,3850 2677,3850 2672,3850 2565,3891 2560,3896 2554,3891 2483,3845 2478,3845 2472,3845 2467,3845 2462,3845 2344,3886 2304,3850 2298,3850 2293,3850 2176,3850 2170,3850 1976,3886 1935,3850 1935,3845 1930,3845 1925,3845 1832,3845 1827,3845 1822,3845 1817,3845 1817,3850 1776,3886 1771,3891 1761,3886 1699,3860 1694,3860 1689,3860 1684,3860 1628,3886 1623,3891 1213,3891 1203,3880 1141,3840 1136,3840 1131,3840 1126,3840 814,3875 814,3962 808,4034 988,4039 993,4039 998,4039 1018,4034 1162,3998 1428,4034 1489,4039 1495,4039 1500,4039 1505,4039 1510,4034 1546,4003 1623,4019 1628,4019 1633,4019 1638,4019 1679,3993 1771,4029 1797,4039 1802,4039 1807,4039 1812,4039 1832,4029 1884,4003 1925,4024 1930,4024 1935,4024 2227,3993 2385,4029 2406,4029 2411,4029 2457,4024 2677,4003 2713,4024 2744,4044 2749,4044 2754,4044 2759,4044 2882,4024 2995,4003 3051,4024 3128,4049 3133,4049 3138,4049 3317,4019 3322,4003 3317,3962 3317,3962"/>
        <Baseline points="819,3966 2713,3966 3323,4006"/>
        <TextEquiv>
          <Unicode>Vom erſten Bad bis zum Begräbniß,</Unicode>
        </TextEquiv>
      </TextLine>

      
      
      <TextLine id="eSc_line_a6b03129" custom="structure {type:default;}">
        <Coords points="768,4111 762,4131 967,4177 972,4177 977,4177 1039,4147 1121,4198 1126,4198 1131,4198 1136,4198 1141,4198 1264,4157 1367,4203 1372,4203 1571,4208 1576,4208 1582,4208 1587,4208 1653,4162 1786,4213 1792,4213 1797,4213 2001,4172 2037,4167 2088,4177 2222,4203 2227,4203 2360,4183 2483,4167 2933,4172 2984,4203 3020,4229 3025,4229 3031,4229 3036,4229 3174,4208 3179,4167 3179,4070 3010,4008 3005,4008 2493,3998 2488,3998 2483,3998 2396,4039 2257,3988 2252,3988 2247,3988 1771,4044 1725,4049 1182,4044 1172,4034 1146,4008 1141,4008 1136,4008 1131,4008 768,4024 768,4111"/>
        <Baseline points="771,4113 3087,4167 3180,4169"/>
        <TextEquiv>
          <Unicode>Als wäre, zwiſchen Bimm und Baum,</Unicode>
        </TextEquiv>
      </TextLine>

      
      
      <TextLine id="eSc_line_8d3c4b92" custom="structure {type:default;}">
        <Coords points="870,4290 993,4305 1029,4346 1029,4352 1034,4352 1039,4352 1044,4352 1269,4311 1397,4352 1402,4352 1408,4352 1413,4352 1515,4316 1536,4316 1638,4321 1745,4367 1751,4367 2099,4372 2104,4372 2109,4372 2114,4372 2170,4336 2181,4326 2201,4336 2227,4357 2232,4357 2237,4357 2242,4357 2247,4357 2293,4341 2324,4331 2401,4346 2539,4367 2544,4367 2549,4367 2554,4367 2575,4352 2600,4331 2688,4331 2754,4357 2775,4362 2780,4362 2785,4362 2816,4357 2918,4336 3159,4367 3169,4305 3010,4204 875,4172 875,4254"/>
        <Baseline points="877,4256 1911,4290 3170,4309"/>
        <TextEquiv>
          <Unicode>Das Leben ein verſchollner Traum.</Unicode>
        </TextEquiv>
      </TextLine>

      
      
      <TextLine id="eSc_line_c691d77d" custom="structure {type:default;}">
        <Coords points="1375,4512 1375,4567 1457,4590 1460,4590 1464,4590 1467,4590 1539,4570 1546,4570 1553,4570 1614,4587 1617,4587 1621,4587 1812,4573 1812,4502 1805,4403 1573,4358 1570,4358 1566,4358 1372,4410 1375,4512"/>
        <Baseline points="1375,4512 1812,4502"/>
        <TextEquiv>
          <Unicode>Fauſt.</Unicode>
        </TextEquiv>
      </TextLine>

      
      
      <TextLine id="eSc_line_ffbd084b" custom="structure {type:default;}">
        <Coords points="885,4664 885,4695 1326,4725 1331,4725 1336,4725 1418,4705 1530,4736 1536,4736 1541,4736 1546,4736 1587,4715 1617,4746 1617,4751 1623,4751 1628,4751 1633,4751 1638,4751 1761,4720 1853,4751 1858,4751 1863,4751 1868,4751 1873,4751 1960,4700 2088,4700 2191,4751 2196,4751 2201,4756 2534,4756 2534,4751 2539,4751 2544,4751 2636,4700 2856,4700 2856,4664 2856,4567 2616,4531 2611,4531 2606,4531 2524,4567 2519,4567 2513,4567 2437,4531 2432,4531 2426,4531 2201,4567 2181,4567 2150,4567 1802,4536 1797,4536 1792,4536 1725,4567 1725,4572 1525,4572 1520,4567 1320,4531 1315,4531 1310,4531 1244,4561 1218,4536 1218,4531 1213,4531 1208,4531 1070,4531 1064,4531 885,4567 885,4664"/>
        <Baseline points="887,4666 2860,4665"/>
        <TextEquiv>
          <Unicode>Das Widerſtehn, der Eigenſinn</Unicode>
        </TextEquiv>
      </TextLine>

      
      
      <TextLine id="eSc_line_d37acb19" custom="structure {type:default;}">
        <Coords points="906,4833 901,4904 1413,4864 1684,4864 1725,4904 1740,4915 1740,4920 1745,4920 1751,4920 1756,4920 1832,4904 1976,4869 2048,4899 2094,4920 2099,4920 2104,4920 2242,4915 2247,4915 2252,4915 2273,4899 2298,4879 2339,4899 2396,4925 2401,4925 2406,4930 2585,4930 2585,4925 2590,4925 2672,4894 2703,4884 2713,4894 2723,4904 2728,4904 2734,4904 2739,4904 2744,4904 2749,4904 2764,4894 2800,4874 2887,4894 2964,4910 2969,4910 3061,4889 3066,4848 3056,4756 2688,4771 2652,4756 2626,4741 2621,4741 2616,4741 2503,4756 2350,4771 2211,4771 2191,4756 2165,4730 2160,4730 2155,4730 2150,4730 2048,4756 1991,4766 1909,4756 1766,4730 1761,4730 1756,4730 1674,4756 1628,4766 1587,4756 1510,4725 1505,4725 1500,4725 1203,4751 1029,4725 1024,4725 906,4751 906,4833"/>
        <Baseline points="907,4836 3068,4853"/>
        <TextEquiv>
          <Unicode>Verküm̄ern herrlichſten Gewinn,</Unicode>
        </TextEquiv>
      </TextLine>

      
      
      <TextLine id="eSc_line_68622304" custom="structure {type:default;}">
        <Coords points="3230,4894 3205,4889 3200,4889 3194,4889 3189,4889 3184,4889 3169,4904 3133,4935 3087,4904 3072,4889 3066,4889 3061,4889 2908,4889 2903,4889 2897,4889 2892,4889 2877,4899 2846,4920 2816,4899 2785,4884 2780,4884 2775,4884 2652,4899 2457,4930 2391,4899 2385,4899 2380,4899 2375,4899 2360,4899 2252,4925 2165,4899 2099,4879 2094,4879 2088,4879 1940,4899 1930,4899 1925,4899 1853,4874 1848,4874 1843,4874 1838,4874 1832,4874 1797,4899 1756,4925 1664,4925 1633,4899 1617,4884 1612,4884 1607,4884 1602,4884 1597,4884 1592,4884 1571,4899 1536,4920 1356,4920 1320,4899 1254,4864 1249,4864 1244,4864 1239,4864 1167,4899 1136,4910 1100,4899 1059,4884 1054,4884 1049,4884 849,4894 849,4992 844,5027 972,5032 1024,5084 1024,5089 1029,5089 1034,5089 1039,5089 1136,5084 1141,5084 1146,5084 1213,5032 1280,5068 1285,5068 1290,5068 1295,5068 1397,5043 1448,5089 1448,5094 1454,5094 1459,5094 1464,5094 1904,5048 1960,5094 1960,5099 1966,5099 1971,5099 2053,5104 2058,5104 2227,5099 2232,5099 2237,5099 2298,5048 2447,5109 2452,5109 2457,5114 2560,5114 2560,5109 2565,5109 2570,5109 2641,5053 2647,5053 2780,5053 2810,5079 2810,5084 2816,5084 2821,5084 2826,5084 3036,5068 3123,5099 3128,5099 3133,5099 3138,5099 3251,5058 3256,5022 3256,4940 3230,4894"/>
        <Baseline points="853,4997 3259,5023"/>
        <TextEquiv>
          <Unicode>Daß man, zu tiefer, grimmiger Pein,</Unicode>
        </TextEquiv>
      </TextLine>

      
      
      <TextLine id="eSc_line_5a307af9" custom="structure {type:default;}">
        <Coords points="885,5150 880,5278 988,5283 993,5283 998,5283 1013,5278 1141,5212 1397,5212 1433,5248 1433,5253 1438,5253 1443,5253 1448,5253 1454,5253 1536,5222 1658,5258 1756,5288 1761,5288 1766,5288 1996,5263 2001,5263 2007,5263 2007,5258 2017,5253 2032,5237 2053,5248 2109,5294 2114,5294 2119,5294 2124,5294 2129,5294 2211,5263 2237,5288 2237,5294 2242,5294 2247,5294 2252,5299 2355,5299 2355,5294 2360,5294 2467,5242 2549,5299 2554,5299 2560,5299 2565,5304 2693,5304 2693,5299 2698,5299 2703,5299 2800,5227 2810,5227 2974,5227 2979,5171 2969,5094 2723,5094 2703,5089 2585,5053 2580,5053 2575,5053 2570,5053 2565,5053 2565,5058 2529,5089 2524,5099 2462,5099 2447,5089 2396,5048 2391,5048 2385,5048 2380,5048 2135,5084 2109,5089 2104,5084 2063,5053 2063,5048 2058,5048 2053,5048 2048,5048 2042,5048 2037,5048 1991,5084 1940,5043 1935,5043 1930,5043 1827,5043 1822,5043 1817,5043 1812,5043 1766,5084 1761,5089 1454,5089 1448,5079 1413,5043 1413,5038 1408,5038 1402,5038 1397,5038 1392,5038 1290,5079 1290,5084 1152,5084 1146,5079 1075,5043 1070,5043 1064,5043 885,5073 885,5150"/>
        <Baseline points="890,5154 2983,5176"/>
        <TextEquiv>
          <Unicode>Ermüden muß gerecht zu ſeyn.</Unicode>
        </TextEquiv>
      </TextLine>

      
    </TextRegion>
    

    
  </Page>
</PcGts>
