<?xml version="1.0" encoding="UTF-8"  standalone="yes"?>
<PcGts xmlns="http://schema.primaresearch.org/PAGE/gts/pagecontent/2019-07-15" xmlns:xsi="http://www.w3.org/2001/XMLSchema-instance" xsi:schemaLocation="http://schema.primaresearch.org/PAGE/gts/pagecontent/2019-07-15 http://schema.primaresearch.org/PAGE/gts/pagecontent/2019-07-15/pagecontent.xsd">
  <Metadata>
	<Creator>escriptorium</Creator>
	<Created>2023-07-08T12:30:07.963776+00:00</Created>
        <LastChange>2023-07-08T12:30:07.963789+00:00</LastChange>

  </Metadata>
  <Page imageFilename="391098_0285_0.jpg" imageWidth="4096" imageHeight="6144">

    
    <TextRegion id="eSc_textblock_e5c3f642"  custom="structure {type:text;}">
      <Coords points="1406,778 2495,805 2549,1375 2754,1460 2754,1553 2645,1679 2604,1829 2645,2167 2375,2276 2331,2416 2375,2498 2467,2525 2508,2686 2385,2867 2372,3041 2235,3167 2153,3372 2153,3450 2276,3604 2276,4106 2385,4205 2426,4597 2112,4788 1447,4816 901,4788 846,4734 819,1051 873,983 1170,969 1269,805 1406,778"/>
      
      
      <TextLine id="eSc_line_be76e33b" custom="structure {type:default;}">
        <Coords points="2399,802 2396,802 2351,812 2290,802 2266,798 2263,798 2228,798 2225,795 2215,805 2146,849 2044,849 1914,832 1908,826 1887,805 1887,802 1884,802 1880,802 1877,802 1720,805 1716,805 1713,805 1713,808 1682,839 1669,849 1652,839 1638,829 1634,829 1631,829 1556,829 1553,829 1549,829 1491,849 1464,860 1450,853 1378,812 1375,812 1372,812 1368,812 1273,856 1276,925 1276,1003 1320,1027 1324,1027 1327,1027 1331,1027 1334,1027 1334,1024 1368,993 1382,983 1447,989 1457,989 1460,989 1464,989 1467,989 1546,948 1798,948 1832,969 1904,1017 1908,1017 1911,1017 1914,1020 2051,1020 2051,1017 2054,1017 2058,1017 2092,986 2150,1013 2153,1013 2157,1013 2160,1013 2245,993 2307,1010 2310,1010 2314,1010 2317,1010 2321,1010 2321,1006 2372,959 2440,935 2440,904 2426,802 2399,802"/>
        <Baseline points="1276,925 2440,904"/>
        <TextEquiv>
          <Unicode>Chor /: Trauergeſang :/</Unicode>
        </TextEquiv>
      </TextLine>

      
      
      <TextLine id="eSc_line_fa865d2d" custom="structure {type:default;}">
        <Coords points="839,1119 839,1153 1361,1150 1365,1150 1368,1150 1368,1146 1372,1146 1375,1140 1382,1133 1498,1136 1662,1143 1665,1143 1737,1129 1768,1126 1873,1126 2266,1133 2269,1133 2454,1109 2454,1088 2443,996 2290,1003 2286,1003 2194,1034 2027,1013 1993,1010 1989,1010 1986,1010 1972,1017 1911,1041 1860,1020 1826,1006 1822,1006 1819,1006 1815,1006 1781,1024 1768,1030 1751,1024 1737,1020 1733,1020 1730,1020 1727,1020 1723,1020 1723,1024 1720,1024 1720,1027 1703,1047 1549,1051 1385,1051 1368,1041 1314,1017 1310,1017 1307,1017 1167,1037 904,1024 901,1024 897,1024 894,1024 836,1054 839,1119"/>
        <Baseline points="839,1119 2454,1088"/>
        <TextEquiv>
          <Unicode>Nicht allein! – wo du auch weileſt,</Unicode>
        </TextEquiv>
      </TextLine>

      
      
      <TextLine id="eSc_line_8488a847" custom="structure {type:default;}">
        <Coords points="829,1262 829,1293 935,1307 938,1307 1030,1290 1082,1280 1102,1286 1174,1317 1177,1317 1331,1320 1334,1320 1338,1320 1341,1320 1406,1280 1416,1273 1433,1276 1532,1307 1536,1307 1539,1307 1542,1307 1611,1286 1843,1307 1846,1307 1850,1307 1853,1307 1911,1262 1918,1259 1945,1262 2068,1283 2071,1283 2075,1283 2123,1259 2133,1252 2140,1256 2164,1269 2167,1269 2170,1269 2321,1252 2355,1249 2358,1252 2433,1290 2437,1290 2440,1290 2443,1290 2447,1290 2447,1286 2484,1249 2484,1218 2474,1163 2396,1174 2375,1163 2304,1133 2300,1133 2228,1133 2225,1133 2222,1133 2126,1170 2092,1184 2034,1174 2007,1170 2003,1170 2000,1170 1979,1174 1928,1187 1911,1177 1853,1143 1850,1143 1846,1143 1843,1143 1839,1143 1723,1181 1686,1194 1662,1184 1594,1150 1590,1150 1587,1150 1460,1153 1457,1153 1324,1194 1280,1204 1221,1194 1112,1177 1109,1177 1105,1177 1064,1201 1041,1211 826,1208 829,1262"/>
        <Baseline points="829,1262 2484,1218"/>
        <TextEquiv>
          <Unicode>Denn wir glauben dich zu kennen,</Unicode>
        </TextEquiv>
      </TextLine>

      
      
      <TextLine id="eSc_line_698b1179" custom="structure {type:default;}">
        <Coords points="843,1396 846,1443 938,1419 979,1437 983,1437 986,1437 989,1437 993,1437 1017,1416 1112,1433 1116,1433 1252,1419 1286,1430 1331,1443 1334,1443 1338,1443 1341,1443 1344,1443 1368,1426 1385,1416 1450,1423 1484,1426 1488,1426 1491,1426 1495,1426 1498,1423 1515,1409 1566,1419 1675,1443 1679,1443 1682,1443 1720,1426 1884,1440 1887,1440 1890,1440 1894,1440 1945,1406 1959,1399 1983,1406 2051,1423 2054,1423 2058,1423 2061,1423 2065,1423 2099,1402 2109,1396 2126,1399 2232,1433 2235,1433 2239,1433 2242,1433 2245,1433 2310,1396 2310,1392 2413,1389 2416,1365 2402,1273 2310,1300 2276,1276 2273,1276 2269,1276 2266,1276 2263,1276 2259,1276 2259,1280 2218,1317 2143,1286 2140,1286 2136,1286 2133,1286 2058,1324 1744,1324 1720,1303 1703,1290 1699,1290 1696,1290 1539,1286 1536,1286 1467,1290 1464,1290 1460,1290 1426,1320 1409,1331 1365,1320 1338,1317 1334,1317 1331,1317 1327,1317 1327,1320 1320,1324 1310,1338 1177,1341 1146,1341 1140,1334 1105,1300 1105,1297 1102,1297 1099,1297 1095,1297 931,1300 928,1300 839,1341 843,1396"/>
        <Baseline points="843,1396 2416,1365"/>
        <TextEquiv>
          <Unicode>Ach! wenn du dem Tag enteileſt</Unicode>
        </TextEquiv>
      </TextLine>

      
      
      <TextLine id="eSc_line_b7ac6f84" custom="structure {type:default;}">
        <Coords points="873,1522 873,1590 1030,1556 1099,1570 1102,1570 1105,1570 1109,1570 1133,1549 1174,1573 1177,1573 1181,1573 1368,1549 1409,1580 1426,1594 1430,1594 1433,1594 1437,1594 1652,1590 1655,1590 1658,1590 1682,1573 1727,1546 1850,1570 1873,1573 1877,1573 1908,1570 2013,1549 2034,1566 2058,1587 2058,1590 2061,1590 2065,1590 2068,1590 2071,1590 2146,1570 2276,1587 2280,1587 2283,1587 2286,1587 2286,1583 2314,1559 2327,1546 2402,1542 2536,1542 2553,1556 2570,1566 2573,1566 2577,1566 2580,1566 2727,1549 2730,1515 2723,1454 2536,1454 2532,1454 2478,1419 2474,1419 2471,1419 2467,1419 2385,1433 2256,1416 2252,1416 2249,1416 2245,1416 2194,1457 2126,1457 2088,1423 2088,1419 2085,1419 2082,1419 1976,1419 1972,1419 1969,1419 1894,1457 1761,1437 1757,1437 1754,1437 1693,1457 1634,1419 1631,1419 1628,1419 1553,1419 1549,1419 1546,1419 1542,1419 1481,1460 1293,1423 1290,1423 1286,1423 1221,1460 1198,1437 1198,1433 1194,1433 1191,1433 1187,1433 1109,1447 1024,1423 1020,1423 1017,1423 1013,1423 870,1464 873,1522"/>
        <Baseline points="873,1522 1925,1505 2730,1515"/>
        <TextEquiv>
          <Unicode>Wird kein Herz von dir ſich trennen.</Unicode>
        </TextEquiv>
      </TextLine>

      
      
      <TextLine id="eSc_line_60f596ab" custom="structure {type:default;}">
        <Coords points="880,1662 880,1682 1000,1720 1003,1720 1006,1723 1078,1723 1078,1720 1082,1720 1085,1720 1129,1693 1392,1703 1396,1703 1399,1703 1467,1682 1590,1720 1594,1720 1597,1723 1747,1723 1747,1720 1751,1720 1754,1720 1809,1679 1812,1679 1942,1679 1983,1716 1983,1720 1986,1720 1989,1720 1993,1723 2071,1723 2071,1720 2075,1720 2078,1720 2123,1682 2146,1699 2150,1699 2153,1699 2157,1699 2160,1699 2239,1679 2310,1710 2314,1710 2317,1710 2321,1710 2324,1710 2344,1693 2358,1703 2358,1706 2362,1706 2365,1706 2368,1706 2573,1672 2577,1655 2573,1594 2416,1594 2413,1590 2362,1546 2358,1546 2355,1546 2297,1546 2293,1546 2290,1546 2286,1546 2235,1590 2228,1597 2136,1597 2123,1587 2044,1549 2041,1549 1686,1549 1682,1549 1679,1549 1675,1549 1628,1583 1607,1597 1423,1597 1396,1580 1361,1563 1358,1563 1355,1563 1351,1563 1314,1580 1286,1594 1256,1580 1194,1549 1191,1549 1187,1549 1184,1549 1136,1573 1047,1556 1044,1556 1041,1556 996,1576 972,1590 948,1576 928,1563 925,1563 921,1563 918,1563 914,1563 877,1573 880,1662"/>
        <Baseline points="880,1662 1624,1648 2577,1655"/>
        <TextEquiv>
          <Unicode>Wüßten wir doch kaum zu klagen,</Unicode>
        </TextEquiv>
      </TextLine>

      
      
      <TextLine id="eSc_line_ef88b2e4" custom="structure {type:default;}">
        <Coords points="856,1826 856,1850 1112,1850 1252,1877 1256,1877 1440,1846 1580,1873 1583,1873 1587,1873 1590,1873 1590,1870 1614,1850 1832,1850 1860,1870 1863,1870 1867,1870 1870,1870 1873,1870 1935,1846 2082,1863 2085,1863 2088,1863 2167,1839 2406,1860 2409,1860 2413,1860 2461,1832 2461,1812 2447,1723 2362,1751 2314,1727 2297,1716 2293,1716 2232,1716 2228,1716 2225,1716 2222,1716 2208,1730 2184,1751 2153,1730 2146,1723 2143,1723 2140,1723 2136,1723 2133,1723 2109,1730 2068,1744 2034,1733 1993,1720 1989,1720 1986,1720 1983,1720 1979,1720 1979,1723 1966,1733 1945,1757 1645,1761 1597,1761 1576,1744 1549,1723 1546,1723 1542,1723 1433,1723 1430,1723 1426,1723 1368,1751 1351,1757 1338,1751 1297,1733 1293,1733 1143,1727 1140,1727 1136,1727 1133,1727 1099,1751 938,1727 935,1727 931,1727 853,1757 856,1826"/>
        <Baseline points="856,1826 2461,1812"/>
        <TextEquiv>
          <Unicode>Neidend ſingen wir dein Loos:</Unicode>
        </TextEquiv>
      </TextLine>

      
      
      <TextLine id="eSc_line_d0fe87ce" custom="structure {type:default;}">
        <Coords points="832,1976 832,2020 962,1993 1051,2013 1068,2017 1071,2017 1075,2017 1078,2017 1082,2013 1116,1993 1351,1993 1372,2003 1399,2013 1402,2013 1406,2013 1409,2013 1413,2013 1413,2010 1423,2000 1430,1996 1488,2000 1611,2003 1614,2003 1617,2003 1621,2003 1621,2000 1631,1993 1638,1986 1655,1993 1716,2010 1720,2010 1723,2010 1727,2010 1785,1993 1815,2017 1819,2017 1822,2017 1826,2017 1829,2017 1935,1989 2010,2017 2013,2017 2017,2020 2129,2020 2129,2017 2348,1966 2348,1952 2338,1897 2235,1897 2187,1853 2187,1850 2184,1850 2181,1850 2123,1850 2119,1850 2054,1853 2051,1853 2048,1853 1969,1901 1911,1873 1908,1873 1904,1873 1798,1890 1764,1870 1761,1870 1757,1870 1754,1870 1751,1870 1747,1870 1723,1887 1710,1877 1706,1877 1703,1877 1699,1877 1696,1877 1631,1904 1624,1911 1546,1911 1542,1908 1477,1860 1474,1860 1471,1860 1467,1860 1331,1863 1327,1863 1324,1863 1256,1911 1249,1914 1235,1911 1170,1890 1167,1890 1163,1890 1160,1890 1157,1890 1157,1894 1133,1911 1129,1918 1078,1918 1075,1914 1030,1873 1030,1870 1027,1870 1024,1870 955,1870 952,1870 948,1870 945,1870 884,1914 877,1918 829,1918 832,1976"/>
        <Baseline points="832,1976 2348,1952"/>
        <TextEquiv>
          <Unicode>Dir in klar und trüben Tagen</Unicode>
        </TextEquiv>
      </TextLine>

      
      
      <TextLine id="eSc_line_34094b1b" custom="structure {type:default;}">
        <Coords points="836,2119 836,2160 938,2153 969,2160 1017,2174 1020,2174 1024,2174 1027,2174 1054,2160 1061,2157 1071,2160 1140,2187 1143,2187 1146,2187 1150,2187 1153,2187 1153,2184 1181,2160 1187,2153 1392,2153 1399,2160 1454,2205 1454,2208 1457,2208 1460,2208 1464,2211 1566,2211 1566,2208 1570,2208 1682,2157 1740,2208 1744,2208 1747,2208 1751,2211 1931,2211 1931,2208 1935,2208 2044,2153 2051,2153 2068,2153 2170,2170 2218,2208 2222,2208 2225,2208 2228,2211 2440,2211 2440,2208 2443,2208 2447,2208 2532,2153 2536,2153 2621,2153 2621,2119 2621,2024 2570,2024 2566,2024 2563,2024 2560,2024 2512,2065 2379,2065 2341,2030 2338,2030 2334,2030 2331,2030 2327,2030 2266,2065 2106,2065 2071,2034 2058,2024 2054,2024 2051,2024 1969,2024 1966,2024 1962,2024 1959,2024 1938,2037 1904,2058 1761,2061 1699,2044 1634,2024 1631,2024 1628,2024 1624,2024 1570,2048 1532,2061 1518,2048 1495,2027 1491,2027 1488,2027 1389,2024 1385,2024 1204,2054 1160,2061 1153,2054 1105,2024 1102,2024 1099,2024 1095,2024 1092,2024 1041,2051 1017,2027 1017,2024 1013,2024 1010,2024 942,2024 938,2024 935,2024 931,2024 890,2061 836,2061 836,2119"/>
        <Baseline points="836,2119 2621,2119"/>
        <TextEquiv>
          <Unicode>Lied und Muth war ſchön und groß.</Unicode>
        </TextEquiv>
      </TextLine>

      
      
      <TextLine id="eSc_line_f9dec2a8" custom="structure {type:default;}">
        <Coords points="863,2362 863,2389 948,2389 1013,2433 1017,2433 1020,2433 1024,2437 1102,2437 1102,2433 1105,2433 1109,2433 1167,2392 1198,2409 1201,2409 1204,2409 1208,2409 1211,2409 1235,2392 1293,2433 1297,2433 1300,2433 1303,2437 1518,2437 1518,2433 1522,2433 1641,2385 1884,2385 1942,2413 1945,2413 1949,2413 2181,2379 2184,2355 2177,2297 2007,2297 1972,2273 1969,2273 1966,2273 1962,2273 1863,2293 1706,2252 1703,2252 1699,2252 1607,2273 1590,2259 1590,2256 1587,2256 1583,2256 1419,2256 1416,2256 1413,2256 1331,2300 1167,2300 1112,2256 1109,2256 1105,2256 952,2256 948,2256 945,2256 860,2297 863,2362"/>
        <Baseline points="863,2362 2184,2355"/>
        <TextEquiv>
          <Unicode>Ach! zum Erdenglück geboren,</Unicode>
        </TextEquiv>
      </TextLine>

      
      
      <TextLine id="eSc_line_afa26096" custom="structure {type:default;}">
        <Coords points="866,2525 870,2590 952,2553 993,2583 1000,2590 1003,2590 1006,2590 1010,2590 1013,2590 1034,2583 1122,2549 1150,2577 1160,2583 1160,2587 1163,2587 1167,2587 1170,2590 1239,2590 1239,2587 1242,2587 1245,2587 1266,2573 1303,2546 1430,2563 1433,2563 1437,2563 1440,2563 1443,2563 1457,2553 1471,2563 1474,2566 1477,2566 1481,2566 1484,2566 1488,2566 1501,2560 1529,2546 1559,2560 1614,2580 1617,2580 1621,2580 1624,2580 1628,2580 1658,2556 1730,2549 1873,2536 1890,2542 1966,2573 1969,2573 1972,2573 2102,2570 2106,2570 2218,2525 2218,2501 2215,2447 2181,2420 2177,2420 2174,2420 2170,2420 2167,2420 2082,2447 1914,2423 1911,2423 1908,2423 1826,2454 1761,2426 1757,2426 1754,2426 1751,2426 1682,2457 1430,2461 1252,2433 1249,2433 1245,2433 1187,2464 1058,2437 1054,2437 1051,2437 969,2467 907,2440 904,2440 901,2440 897,2440 894,2440 863,2461 866,2525"/>
        <Baseline points="866,2525 2218,2501"/>
        <TextEquiv>
          <Unicode>Hoher Ahnen, großer Kraft,</Unicode>
        </TextEquiv>
      </TextLine>

      
      
      <TextLine id="eSc_line_c753fc3e" custom="structure {type:default;}">
        <Coords points="866,2682 866,2730 1006,2717 1024,2727 1061,2754 1064,2754 1068,2754 1071,2754 1187,2751 1191,2751 1194,2751 1242,2720 1273,2703 1409,2703 1440,2717 1508,2747 1512,2747 1515,2747 1672,2744 1675,2744 1740,2706 1744,2706 1788,2740 1792,2740 1795,2740 1798,2744 1897,2744 1897,2740 1901,2740 1904,2740 1904,2737 1942,2703 1949,2693 2170,2693 2191,2696 2351,2727 2355,2727 2358,2727 2362,2727 2413,2689 2416,2689 2467,2689 2471,2658 2464,2604 2358,2604 2269,2563 2266,2563 2263,2563 2259,2563 2177,2607 2054,2607 1986,2570 1983,2570 1979,2570 1976,2570 1972,2570 1925,2604 1877,2570 1873,2570 1870,2570 1788,2570 1785,2570 1781,2570 1778,2570 1778,2573 1737,2614 1631,2614 1594,2577 1594,2573 1590,2573 1587,2573 1583,2573 1580,2573 1481,2604 1324,2577 1320,2577 1273,2580 1269,2580 1266,2580 1266,2583 1228,2621 1150,2621 1075,2583 1071,2583 1068,2583 1064,2583 972,2621 928,2604 925,2604 921,2604 918,2604 863,2621 866,2682"/>
        <Baseline points="866,2682 2471,2658"/>
        <TextEquiv>
          <Unicode>Leider! früh dir ſelbſt verloren,</Unicode>
        </TextEquiv>
      </TextLine>

      
      
      <TextLine id="eSc_line_9c2e516c" custom="structure {type:default;}">
        <Coords points="856,2809 853,2853 931,2887 935,2887 938,2887 942,2887 945,2887 993,2853 1024,2874 1027,2874 1030,2874 1034,2874 1187,2850 1249,2843 1368,2846 1372,2850 1399,2874 1402,2874 1406,2874 1409,2874 1594,2853 1706,2901 1710,2901 1809,2904 1812,2908 1887,2908 1887,2904 1890,2904 1894,2904 1894,2901 1952,2853 2044,2853 2048,2826 2048,2744 1908,2740 1904,2740 1901,2740 1887,2744 1809,2775 1467,2771 1433,2754 1406,2740 1402,2740 1399,2740 1396,2740 1392,2740 1375,2754 1361,2764 1351,2754 1338,2740 1338,2737 1334,2737 1331,2737 1327,2737 1324,2737 1290,2754 1276,2764 1266,2757 1235,2730 1232,2730 1228,2730 1225,2730 1221,2730 1218,2730 1181,2757 1167,2768 1126,2768 1116,2757 1088,2740 1085,2740 1082,2740 948,2727 945,2727 942,2727 856,2761 856,2809"/>
        <Baseline points="856,2809 2048,2826"/>
        <TextEquiv>
          <Unicode>Jugendblüthe weggerafft.</Unicode>
        </TextEquiv>
      </TextLine>

      
      
      <TextLine id="eSc_line_9fab1bd5" custom="structure {type:default;}">
        <Coords points="870,2986 866,3010 996,3054 1000,3054 1003,3054 1102,3051 1105,3051 1174,3013 1218,3031 1221,3031 1225,3031 1314,3013 1430,3031 1433,3031 1437,3031 1484,3017 1525,3037 1529,3037 1532,3037 1536,3037 1539,3037 1573,3017 1675,3051 1679,3051 1682,3051 1686,3051 1716,3037 1846,3061 1850,3065 2085,3065 2085,3061 2088,3061 2092,3061 2136,3020 2334,3017 2338,2996 2338,2942 2252,2942 2249,2938 2170,2884 2167,2884 2164,2884 2095,2884 2092,2884 2088,2884 2085,2884 2085,2887 2034,2938 2030,2938 1853,2935 1795,2935 1723,2880 1720,2880 1716,2880 1566,2880 1563,2880 1433,2911 1372,2887 1368,2887 1365,2887 1361,2887 1280,2928 1273,2935 1191,2935 1184,2928 1140,2891 1136,2891 1133,2891 1129,2891 1126,2891 1122,2891 1075,2928 1071,2928 965,2877 962,2877 959,2877 955,2877 870,2918 870,2986"/>
        <Baseline points="870,2986 2338,2996"/>
        <TextEquiv>
          <Unicode>Scharfer Blick die Welt zu ſchauen,</Unicode>
        </TextEquiv>
      </TextLine>

      
      
      <TextLine id="eSc_line_bc891667" custom="structure {type:default;}">
        <Coords points="877,3133 873,3160 887,3170 890,3170 894,3170 897,3170 983,3157 1010,3177 1013,3177 1017,3177 1020,3177 1184,3164 1269,3205 1273,3205 1276,3205 1280,3205 1351,3170 1437,3188 1440,3188 1443,3188 1501,3160 1580,3191 1583,3191 1587,3191 1689,3177 1723,3201 1727,3201 1730,3201 1733,3201 1737,3201 1795,3177 1877,3211 1880,3211 1884,3215 2030,3215 2030,3211 2034,3211 2126,3164 2129,3147 2126,3092 1993,3092 1993,3089 1955,3054 1955,3051 1952,3051 1949,3051 1945,3051 1942,3051 1846,3082 1747,3082 1675,3048 1672,3048 1669,3048 1484,3082 1447,3048 1447,3044 1443,3044 1440,3044 1437,3044 1433,3044 1358,3082 1358,3085 1242,3085 1239,3082 1181,3041 1177,3041 1174,3041 1170,3041 1167,3041 1071,3068 1044,3044 1044,3041 1041,3041 1037,3041 959,3041 955,3041 952,3041 877,3075 877,3133"/>
        <Baseline points="877,3133 2129,3147"/>
        <TextEquiv>
          <Unicode>Mitſinn jedem Herzensdrang,</Unicode>
        </TextEquiv>
      </TextLine>

      
      
      <TextLine id="eSc_line_39c201f1" custom="structure {type:default;}">
        <Coords points="870,3276 870,3304 989,3324 993,3324 2088,3310 2088,3276 2088,3229 1928,3229 1928,3225 1894,3194 1894,3191 1890,3191 1887,3191 1884,3191 1880,3191 1815,3225 1812,3229 1768,3229 1768,3225 1723,3191 1720,3191 1716,3191 1556,3191 1553,3191 1549,3191 1546,3191 1508,3225 1460,3191 1457,3191 1454,3191 1396,3191 1392,3191 1389,3191 1385,3191 1351,3218 1320,3198 1317,3198 1314,3198 1310,3198 1307,3198 1303,3198 1273,3225 1269,3225 1266,3225 1116,3191 1112,3191 1109,3191 979,3225 969,3225 870,3225 870,3276"/>
        <Baseline points="870,3276 2088,3276"/>
        <TextEquiv>
          <Unicode>Liebesglut der beſten Frauen</Unicode>
        </TextEquiv>
      </TextLine>

      
      
      <TextLine id="eSc_line_b0e3cca6" custom="structure {type:default;}">
        <Coords points="880,3396 877,3437 1150,3447 1245,3508 1249,3508 1252,3508 1256,3512 1419,3512 1419,3508 1423,3508 1426,3508 1426,3505 1464,3474 1549,3474 1587,3508 1587,3512 1590,3512 1594,3512 1597,3512 1768,3498 1856,3519 1860,3519 1863,3519 1867,3519 1870,3519 1870,3515 1935,3461 2000,3461 2003,3416 2003,3355 1938,3314 1935,3314 1931,3314 1860,3314 1856,3314 1853,3314 1850,3314 1815,3341 1778,3310 1774,3310 1771,3310 1768,3310 1764,3310 1665,3355 1641,3355 1611,3355 1563,3310 1563,3307 1559,3307 1556,3307 1553,3307 1498,3314 1495,3314 1491,3314 1491,3317 1450,3351 1187,3348 1140,3304 1140,3300 1136,3300 1133,3300 1129,3300 1037,3321 1013,3300 1013,3297 1010,3297 1006,3297 1003,3297 1000,3297 880,3338 880,3396"/>
        <Baseline points="880,3396 2003,3416"/>
        <TextEquiv>
          <Unicode>Und ein eigenſter Geſang.</Unicode>
        </TextEquiv>
      </TextLine>

      
      
      <TextLine id="eSc_line_d9d77a1b" custom="structure {type:default;}">
        <Coords points="880,3659 877,3693 1215,3693 1218,3693 1245,3717 1249,3717 1252,3717 1256,3717 1327,3703 1406,3744 1409,3744 1413,3744 1416,3744 1594,3700 1713,3747 1716,3747 1720,3751 1867,3751 1867,3747 1870,3747 1873,3747 1901,3723 1935,3751 1938,3751 1942,3751 1945,3754 2051,3754 2051,3751 2054,3751 2058,3751 2106,3710 2140,3727 2143,3727 2146,3727 2150,3727 2245,3700 2249,3672 2249,3618 2164,3614 2129,3584 2129,3580 2126,3580 2123,3580 2119,3580 2116,3580 2075,3597 2017,3570 2013,3570 2010,3570 2007,3570 2003,3570 1986,3584 1904,3566 1901,3566 1897,3566 1894,3566 1829,3607 1723,3607 1621,3566 1617,3566 1614,3566 1611,3566 1556,3594 1484,3577 1481,3577 1477,3577 1474,3577 1471,3577 1433,3607 1280,3607 1228,3560 1225,3560 1221,3560 1218,3560 1215,3560 1140,3584 959,3560 955,3560 952,3560 880,3597 880,3659"/>
        <Baseline points="880,3659 2249,3672"/>
        <TextEquiv>
          <Unicode>Doch du rannteſt unaufhaltſam</Unicode>
        </TextEquiv>
      </TextLine>

      
      
      <TextLine id="eSc_line_61055448" custom="structure {type:default;}">
        <Coords points="860,3799 856,3840 880,3850 884,3850 887,3850 890,3850 914,3840 931,3829 948,3840 1006,3880 1010,3880 1013,3880 1017,3880 1020,3880 1024,3880 1082,3843 1102,3833 1286,3833 1320,3850 1334,3857 1338,3857 1341,3857 1365,3853 1423,3840 1450,3853 1481,3874 1484,3874 1488,3874 1491,3874 1495,3874 1498,3874 1518,3857 1624,3894 1628,3894 1631,3894 1634,3894 1723,3863 1771,3846 1829,3853 1843,3867 1877,3898 1880,3898 1884,3898 2027,3901 2030,3901 2034,3901 2088,3874 2092,3826 2088,3744 2024,3744 2020,3744 2017,3744 2013,3744 2013,3747 1989,3768 1911,3744 1890,3737 1887,3737 1884,3737 1880,3737 1863,3744 1795,3764 1723,3744 1689,3734 1686,3734 1682,3734 1634,3744 1576,3758 1559,3744 1546,3734 1546,3730 1542,3730 1539,3730 1536,3730 1409,3744 1317,3754 1300,3744 1269,3723 1266,3723 1262,3723 1259,3723 1256,3723 1191,3744 1170,3751 1163,3744 1129,3720 1126,3720 1122,3720 1119,3720 860,3744 860,3799"/>
        <Baseline points="860,3799 2092,3826"/>
        <TextEquiv>
          <Unicode>Frey ins willenloſe Netz,</Unicode>
        </TextEquiv>
      </TextLine>

      
      
      <TextLine id="eSc_line_d7f04b10" custom="structure {type:default;}">
        <Coords points="870,3969 870,3993 2225,3997 2228,3969 2228,3915 2126,3915 2116,3908 2051,3874 2048,3874 2044,3874 2041,3874 1986,3904 1969,3915 1802,3915 1774,3898 1723,3867 1720,3867 1716,3867 1713,3867 1710,3867 1638,3891 1631,3894 1624,3891 1580,3867 1576,3867 1454,3867 1450,3867 1447,3867 1443,3867 1423,3884 1389,3915 1317,3915 1273,3884 1269,3884 1266,3884 1262,3884 1259,3884 1221,3894 1201,3877 1198,3877 1194,3877 1191,3877 1187,3877 1184,3877 1143,3904 1054,3870 1047,3870 1044,3870 870,3867 870,3969"/>
        <Baseline points="870,3969 2228,3969"/>
        <TextEquiv>
          <Unicode>So entzweyteſt du gewaltſam</Unicode>
        </TextEquiv>
      </TextLine>

      
      
      <TextLine id="eSc_line_b097ba57" custom="structure {type:default;}">
        <Coords points="860,4106 856,4130 921,4150 925,4150 928,4150 1010,4136 1030,4154 1034,4154 1037,4154 1041,4154 1044,4154 1085,4133 1088,4133 1307,4133 1310,4136 1334,4157 1338,4157 1341,4157 1344,4157 1348,4157 1396,4140 1467,4160 1471,4160 1474,4160 1669,4150 1706,4181 1706,4184 1710,4184 1713,4184 1716,4188 2003,4188 2003,4184 2007,4184 2010,4184 2010,4181 2044,4150 2099,4150 2102,4116 2102,4055 2041,4031 2037,4031 2034,4031 1931,4055 1887,4017 1884,4017 1880,4017 1877,4017 1873,4017 1802,4051 1757,4031 1754,4031 1751,4031 1747,4031 1744,4031 1713,4055 1710,4055 1580,4055 1580,4051 1525,4007 1525,4003 1522,4003 1518,4003 1273,3997 1269,3997 1266,3997 1153,4048 1054,3997 1051,3997 986,3997 983,3997 979,3997 976,3997 976,4000 921,4048 918,4048 860,4048 860,4106"/>
        <Baseline points="860,4106 2102,4116"/>
        <TextEquiv>
          <Unicode>Dich mit Sitte, mit Geſetz;</Unicode>
        </TextEquiv>
      </TextLine>

      
      
      <TextLine id="eSc_line_e804df6d" custom="structure {type:default;}">
        <Coords points="863,4256 860,4283 911,4300 914,4300 918,4300 921,4300 965,4283 1037,4317 1041,4317 1044,4317 1047,4317 1051,4317 1092,4290 1119,4314 1119,4317 1122,4317 1126,4317 1129,4317 1167,4311 1218,4334 1221,4334 1225,4338 1324,4338 1324,4334 1327,4334 1413,4297 1594,4338 1597,4341 1720,4341 1720,4338 1723,4338 1826,4304 1853,4317 1856,4317 1860,4317 1863,4317 1867,4317 1918,4287 2048,4304 2051,4304 2321,4283 2324,4263 2321,4191 2164,4194 2157,4191 2119,4157 2119,4154 2116,4154 2112,4154 2013,4154 2010,4154 2007,4154 2003,4154 2003,4157 1966,4191 1962,4194 1949,4191 1894,4167 1890,4167 1887,4167 1884,4167 1839,4191 1836,4191 1832,4191 1805,4171 1802,4171 1798,4171 1795,4171 1792,4171 1733,4188 1703,4160 1703,4157 1699,4157 1696,4157 1693,4157 1689,4157 1621,4191 1611,4194 1597,4191 1529,4157 1525,4157 1522,4157 1518,4157 1515,4157 1474,4191 1467,4194 1423,4194 1416,4191 1348,4164 1344,4164 1341,4164 1338,4164 1334,4164 1314,4181 1280,4154 1276,4154 1273,4154 1269,4154 1266,4154 1163,4191 1157,4191 1116,4154 1116,4150 1112,4150 1109,4150 972,4150 969,4150 965,4150 962,4150 962,4154 921,4191 918,4191 863,4191 863,4256"/>
        <Baseline points="863,4256 2324,4263"/>
        <TextEquiv>
          <Unicode>Doch zuletzt das höchſte Sinnen</Unicode>
        </TextEquiv>
      </TextLine>

      
      
      <TextLine id="eSc_line_2607fcf2" custom="structure {type:default;}">
        <Coords points="870,4423 870,4488 983,4464 1020,4481 1024,4481 1027,4481 1140,4457 1617,4461 1706,4461 1710,4461 1713,4461 1716,4461 1720,4457 1740,4444 1761,4457 1798,4481 1802,4481 1805,4481 1809,4485 1914,4485 1914,4481 1918,4481 1921,4481 1921,4478 1952,4447 1959,4440 2007,4440 2048,4444 2259,4478 2263,4478 2266,4478 2269,4478 2269,4474 2300,4444 2344,4464 2348,4464 2351,4464 2355,4464 2358,4464 2389,4437 2389,4410 2385,4338 2321,4314 2317,4314 2314,4314 2310,4314 2307,4314 2276,4338 2252,4355 2167,4355 2150,4338 2119,4314 2116,4314 2112,4314 2068,4314 2065,4314 2061,4314 2058,4314 2058,4317 2030,4338 2020,4352 1993,4338 1938,4317 1935,4317 1713,4317 1710,4317 1706,4317 1655,4341 1617,4362 1344,4362 1290,4345 1218,4324 1215,4324 1211,4324 1092,4345 1054,4352 1041,4345 1000,4324 996,4324 993,4324 866,4345 870,4423"/>
        <Baseline points="870,4423 2389,4410"/>
        <TextEquiv>
          <Unicode>Gab dem reinen Muth Gewicht,</Unicode>
        </TextEquiv>
      </TextLine>

      
      
      <TextLine id="eSc_line_df1d4aee" custom="structure {type:default;}">
        <Coords points="890,4556 887,4597 965,4628 969,4628 972,4628 976,4628 1030,4604 1136,4645 1140,4645 1143,4648 1378,4648 1378,4645 1382,4645 1454,4618 1645,4652 1648,4652 1652,4652 1819,4608 1897,4625 1901,4625 2314,4614 2341,4631 2344,4631 2348,4631 2351,4631 2355,4631 2396,4611 2399,4577 2399,4522 1918,4519 1914,4512 1887,4488 1887,4485 1884,4485 1880,4485 1877,4485 1873,4485 1843,4495 1785,4474 1781,4474 1662,4474 1658,4474 1655,4474 1652,4474 1652,4478 1617,4505 1617,4509 1614,4505 1536,4471 1532,4471 1324,4468 1320,4468 1317,4468 1314,4468 1314,4471 1293,4491 1201,4491 1061,4464 1058,4464 1054,4464 1051,4464 1020,4491 890,4491 890,4556"/>
        <Baseline points="890,4556 2399,4577"/>
        <TextEquiv>
          <Unicode>Wollteſt Herrliches gewinnen,</Unicode>
        </TextEquiv>
      </TextLine>

      
      
      <TextLine id="eSc_line_c6848aee" custom="structure {type:default;}">
        <Coords points="873,4724 873,4788 1150,4765 1187,4782 1256,4812 1259,4812 1262,4812 1341,4809 1344,4809 1413,4775 1416,4771 1419,4771 1498,4809 1501,4809 1505,4809 1508,4809 1583,4771 1634,4771 1672,4805 1675,4805 1679,4805 1682,4805 1873,4788 1925,4802 1928,4802 1931,4802 1935,4802 2027,4751 2146,4744 2146,4703 2140,4652 2024,4631 2020,4631 1908,4655 1897,4655 1850,4621 1846,4621 1843,4621 1761,4621 1757,4621 1754,4621 1751,4621 1710,4659 1706,4662 1634,4662 1631,4659 1594,4628 1590,4628 1587,4628 1515,4625 1512,4625 1508,4625 1505,4625 1505,4628 1471,4662 1467,4666 1378,4666 1378,4662 1307,4628 1303,4628 1300,4628 1297,4628 1225,4666 1221,4669 1160,4669 1160,4666 1082,4631 1078,4631 1075,4631 1071,4631 979,4669 976,4672 870,4672 873,4724"/>
        <Baseline points="873,4724 2146,4703"/>
        <TextEquiv>
          <Unicode>Aber es gelang dir nicht.</Unicode>
        </TextEquiv>
      </TextLine>

      
    </TextRegion>
    

    
  </Page>
</PcGts>
