4096 6144
709 979 3102 1191 Nackt ein Genius ohne Flügel, faunenartig ohne Thierheit,
706 1157 3220 1443 Springt er auf den feſten Boden, doch der Boden gegen„
2351 1368 2781 1505 wirkend
733 1539 3225 1757 Schnellt ihn zu der luft’gen Höhe, und im zweiten dritten
2348 1713 2720 1935 Sprunge
747 1843 1986 2058 Rührt er an das Hochgewölb.
969 2024 3123 2239 Aengſtlich ruft die Mutter: ſpringe wiederholt und
2392 2208 3007 2368 nach Belieben,
757 2314 3153 2508 Aber hüte dich zu fliegen, freier Flug iſt dir verſagt.
754 2454 3082 2662 Und ſo mahnt der treue Vater: in der Erde liegt die
2392 2594 2983 2761 Schnellkraft,
757 2723 3205 2945 Die dich aufwärts treibt, berühre mit der Zehe nur den
2406 2850 2706 3024 Boden
781 2969 3239 3184 Wie der Erdenſohn Antäus biſt du alſobald geſtärkt.
778 3128 3164 3404 Und ſo hüpft er auf die Maſſe dieſes Felſens,
2392 3290 3092 3437 von der Kante
795 3437 3242 3648 Zu dem andern und umher ſo wie ein Ball geſchlagen
2406 3601 2798 3809 ſpringt.
993 3706 3215 3952 Doch auf einmal in der Spalte rauher Schlucht
2416 3855 3287 4090 iſt er verſchwunden,
839 4029 3266 4254 Und nun ſcheint er uns verloren. Mutter jammert,
2385 4239 3118 4428 Vater tröſtet,
819 4454 3208 4696 Achſelzuckend ſteh ich dängſtlich. Doch nun wieder welch
2413 4659 2955 4870 Erſcheinen.
