4096 6144
1699 877 3211 1041 In Eile magſt du, ehstagt,
2677 737 3077 926 eh’ es
1699 1030 3628 1221 Von Flam̄’ zu Flam̄e ſpürend gehen:
1706 1198 3580 1378 Wer zu den Müttern ſich gewagt
1696 1365 3604 1525 Hat weiter nichts zu überſtehen.
2167 1553 2560 1727 Meph.
1665 1696 3556 1867 Auch ich bin hier an meinem Theil,
1679 1838 3937 2053 Doch beſſer wüßt’ ich nichts zu unſerm Heil
2807 1822 3191 1930 beſſeres
1658 2022 3486 2227 Als: jeder möge durch die Feuer
1669 2205 3785 2396 Verſuchen ſich ſein eigen Abenteuer.
1679 2385 3727 2525 Dann, um uns wieder zu vereinen,
1699 2503 3942 2739 Laß deine Leuchte, Kleiner, tönend ſcheinen.
2198 2710 2706 2863 Homunk.
1689 2867 3631 3068 So ſoll es blitzen, ſoll es klingen.
1972 3044 3938 3222 /: das Glas dröhnt u. leuchtet gewaltig :/
1704 3189 3901 3420 Nun friſch zu neuen Wunderdingen!
2102 3430 3324 3659 Fauſt /: allein :/
1443 3672 3928 3884 Wo iſt ſie? – Frage jetzt nicht weiter nach...
1447 3877 3577 4058 Wär’s nicht die Scholle die ſie trug,
1413 4041 3734 4235 Die Welle nicht die ihr entgegen ſchlug;
1443 4215 3952 4420 So iſt’s die Luft die ihre Sprache ſprach.
1437 4396 3935 4580 Hier! durch ein Wunder, hier in Griechenland!
1423 4541 3584 4756 Ich fühlte gleich den Boden wo ich ſtand;
1474 4695 3962 4939 Wie mich, den Schäfer, friſch ein Geiſt durchglühte,
1450 4908 3768 5072 So ſteh’ ich nun, ein Antäus an Gemüthe.
1443 5032 3896 5227 Und find’ ich hier das Seltſamſte beyſam̄en,
1437 5191 3945 5399 Durchforſch’ ich ernſt dies Labyrinth der Flam̄en.
2549 5365 3604 5573 /: entfernt ſich :/
