4096 6144
2973 675 3314 839 27 28
1285 793 1658 1018 Herold.
607 955 2594 1157 Belieb es euch zur Seite wegzuweichen,
580 1105 2983 1317 Denn was jetzt kom̄t iſt nicht von eures Gleichen.
607 1249 2754 1471 Ihr ſeht wie ſich ein Berg herangedrängt,
624 1382 2959 1597 Mit bunten Teppichen die Weichen ſtolz behängt,
631 1536 3003 1771 Ein Haupt, mit langen Zähnen, Schlangenrüſſel,
645 1689 3072 1925 Geheimnißvoll, doch zeig ich euch den Schlüſſel.
655 1856 2952 2068 Im Nacken ſitzt ihm zierlich‐zarte Frau,
665 2027 2911 2225 Mit feinem Stäbchen lenkt ſie ihn genau,
689 2157 2897 2365 Die andre droben ſtehend herrlich=hehr,
699 2297 3041 2519 Umgiebt ein Glanz der blendet mich zu ſehr.
641 2457 2904 2706 Zur Seite gehn gekettet edle Frauen,
679 2635 3102 2833 Die eine bang, die andre froh zu ſchauen,
682 2781 3092 2983 Die eine wünſcht, die andre fühlt ſich frey,
713 2952 2375 3157 Verkünde jede wer ſie ſey.
1358 3164 1747 3368 Furcht.
921 3334 2542 3563 Dunſtige Fackeln, Lampen, Lichter,
945 3495 2648 3710 Däm̄ern durchs verworrne Feſt,
904 3669 2529 3891 Zwiſchen dieſe Truggeſichter
959 3802 2655 4010 Bannt mich ach die Kette feſt.
938 4037 2450 4218 Fort ihr lächerlichen Lacher!
993 4181 2580 4345 Euer Grinſen giebt Verdacht;
976 4317 2372 4471 Alle meine Widerſacher
962 4464 2556 4642 Drängen mich in dieſer Nacht.
979 4666 2891 4843 Hier! ein Freund iſt Feind geworden,
969 4809 2525 4976 Seine Maske kenn ich ſchon;
972 4952 2611 5106 Jener wollte mich ermorden
979 5092 2751 5256 Nun entdeckt ſchleicht er davon.
