4096 6144
1320 798 3696 1044 Fleht ſie zum Vater: daß, zu ſeiner Ehre,
1356 998 3799 1218 Er endlich doch der Aerzte Sinn verkläre,
1372 1177 3874 1365 Und vom verwegnen Todtſchlag ſie bekehre.
1505 1368 3747 1563 Die liebſte mir aus der Sibyllengilde,
1375 1553 3887 1768 Nicht fratzenhaft bewegt, wohlthätig milde;
1437 1720 3935 1928 Ihr glückt es wohl, bey einigem Verweilen,
1413 1873 3932 2075 Mit Wurzelkräften dich von Grund zu heilen.
1375 2205 3812 2402 Geheilt will ich nicht ſeyn, mein Sinn iſt mächtig;
2170 2058 2616 2268 Fauſt.
1413 2358 3809 2553 Da wär’ ich ja wie andre niederträchtig.
2208 2566 2645 2788 Chiron.
1409 2781 3867 2969 Verſäume nicht das Heil der edlen Quelle!
1382 2944 3640 3184 Geſchwind herab! Wir ſind zur Stelle.
2112 3140 2566 3341 Fauſt.
1402 3304 3713 3515 Sag an! Wohin haſt du, in grauſer Nacht,
1409 3481 3758 3693 Durch Kiesgewäſſer, mich an’s Land gebracht?
2170 3682 2648 3884 Chiron.
1413 3814 3921 4034 Hier trotzten Rom und Griechenland im Streite,
1433 3959 2805 4140 Peneios rechts, lincks
1392 4029 3809 4244 Am untern Peneus, den Olymp zur Seite.
1408 4193 3921 4423 Das größte Reich das ſich im Sand verliert;
1416 4399 3768 4584 Der König flieht, der Bürger triumphirt.
1418 4546 3496 4776 Blick auf! hier ſteht, bedeutend nah,
1433 4737 3761 4956 Im Mondenſchein der ewige Tempel da.
