4096 6144
1389 802 3679 1030 Im Farbenſpiel von Venus Muſchelwagen
1204 986 3741 1167 Kommt Galathee, die ſchönſte nun, getragen,
1187 1140 3563 1358 Die, ſeit ſich Kypris von uns abgekehrt,
1221 1286 3788 1539 In Paphos wird als Göttin ſelbſt verehrt.
1218 1471 3519 1703 Und ſo beſitzt die Holde, lange ſchon,
1184 1641 3720 1870 Als Erbin, Tempelſtadt und Wagenthron.
1419 1829 3853 2088 Hinweg! Es ziemt, in Vaterfreudenſtunde,
1249 2007 3877 2249 Nicht Haß dem Herzen, Scheltwort nicht dem Munde.
1256 2187 3887 2426 Hinweg zu Proteus! Fragt den Wundermann:
1269 2344 3874 2577 Wie man entſtehn und ſich verwandlen kann.
2044 2508 3863 2754 /: entfernt ſich gegen das Meer :/
2012 2734 2508 2959 Thales.
1262 2894 3863 3116 Wir haben nichts durch dieſen Schritt gewonnen,
1264 3077 3865 3302 Trifft man auch jenen, gleich iſt er zerronnen;
2165 3025 2606 3179 Proteus
1262 3252 3689 3471 Und ſteht er euch, ſo ſagt er nur zuletzt
1269 3409 3898 3611 Was Staunen macht und in Verwirrung ſetzt.
1235 3577 3703 3795 Du biſt einmal bedürftig ſolchen Raths,
1252 3727 3880 3969 Verſuchen wirs und wandlen unſres Pfads!
2126 3918 3324 4123 /: entfernen ſich :/
1962 4109 3723 4300 Sirenen. /: oben auf den Felſen :/
1611 4283 3191 4437 Was ſehen wir von Weiten
1590 4420 3396 4594 Das Wellenreich durchgleiten?
1580 4573 3304 4734 Als wie nach Windes Regel
1583 4703 3164 4887 Anzögen weiße Seegel,
1614 4846 3283 5021 So hell ſind ſie zu ſchauen,
1594 4990 3392 5157 Verklärte Meeresfrauen...
1621 5089 3271 5273 Laßt uns herunterklim̄en,
1658 5253 3525 5447 Vernehmt ihr doch die Stim̄en.
