4096 6144
1884 863 3976 1088 Homunkulus /: in der Phiole zu Wagner :/
1392 1059 3942 1299 Nun Väterchen! wie ſtehts? es war kein Scherz.
1382 1249 3915 1423 Komm, drücke mich recht zärtlich an dein Herz,
1409 1402 3979 1576 Doch nicht zu feſt, damit das Glas nicht ſpringe.
1402 1563 3508 1737 Das iſt die Eigenſchaft der Dinge:
1426 1727 3727 1890 Natürlichem genügt das Weltall kaum,
1450 1863 3938 2065 Was künſtlich iſt, verlangt geſchloßnen Raum.
1918 2058 3143 2239 /: zu Mephiſtopheles :/
1426 2218 3932 2416 Du aber Schalk, Herr Vetter, biſt du hier?
1484 2396 3642 2573 Im rechten Augenblick, ich danke dir.
1505 2546 3884 2757 Ein gut Geſchick führt dich zu uns herein,
1477 2713 3833 2897 Dieweil ich bin, muß ich auch thätig ſeyn.
1512 2874 3942 3058 Ich möchte mich ſogleich zur Arbeit ſchürzen,
1508 3027 3935 3208 Du biſt gewandt, die Wege mir zu kürzen.
2304 3188 2856 3399 Wagner.
1484 3358 3979 3543 Nur noch ein Wort; bisher mußt’ ich mich ſchämen,
1460 3529 3983 3703 Denn Alt und Jung beſtürmt mich mit Problemen.
1518 3700 3979 3853 Zum Beyſpiel nur: noch niemand konnt’ es faſſen
1539 3833 3921 4014 Wie Seel’ und Leib ſo ſchön zuſam̄enpaſſen,
1505 4007 3904 4174 So feſt ſich halten als um nie zu ſcheiden,
1522 4150 3969 4345 Und doch den Tag ſich immerfort verleiden.
1518 4324 2088 4454 Sodann –
1863 4536 3906 4736 Halt ein! ich wollte lieber fragen:
2355 4440 2856 4604 Mephiſt.
1505 4710 3983 4884 Warum ſich Mann und Frau ſo ſchlecht vertragen?
1512 4881 3979 5031 Du kommſt, mein Freund, hierüber nie ins Reine.
1505 5022 3968 5227 Hier giebts zu thun, das eben will der Kleine.
