4096 6144
1375 730 1792 901 Nereus.
750 911 2007 1095 Du biſt es mein Liebchen!
1361 1068 1867 1235 Galatee
1737 1146 2805 1307 O Vater! das Glück!
737 1274 2872 1484 Delphine verweilet! mich feſſelt der Blick.
1389 1457 1836 1617 Nereus.
744 1600 2560 1788 Vorüber ſchon, ſie ziehen vorüber
740 1751 2689 1894 In kreiſenden Schwunges Bewegung;
737 1884 3041 2048 Was kümmert ſie die in̄re herzliche Regung!
711 2007 2606 2211 Ach! nähmen ſie mich mit hinüber!
723 2181 2426 2351 Doch ein einziger Blick ergötzt
757 2331 2570 2512 Daß er das ganze Jahr erſetzt.
1399 2515 1829 2696 Thales.
764 2713 2269 2887 Heil! Heil! aufs neue!
764 2880 2341 3061 Wie ich mich blühend freue,
754 3037 2809 3222 Vom Schönen, Wahren durchdrungen...
686 3225 3051 3392 Alles iſt aus dem Waſſer entſprungen!!
689 3392 3041 3553 Alles wird durch das Waſſer erhalten!
744 3546 3041 3720 Ocean gönn’ uns dein ewiges Walten.
771 3710 2723 3880 Wenn du nicht Wolken ſendeteſt,
744 3891 2525 4068 Nicht reiche Bäche ſpendeteſt,
737 4065 2809 4239 Hin und her nicht Flüſſe wendeteſt,
727 4235 2536 4375 Die Ströme nicht vollendeteſt;
757 4372 3276 4567 Was wären Gebirge, was Ebnen und Welt?
720 4553 3089 4730 Du biſt’s der das friſcheſte Leben erhält.
1469 4720 3261 4966 Echo. /: Chorus der ſäm̄tlichen Kreiſe :/
740 4962 3130 5167 Du biſts dem das friſcheſte Leben entquellt.
3041 578 3215 808 35
