4096 6144
1512 959 3396 1140 Uns gehts in allen Dingen ſchlecht.
1413 1095 3471 1303 Herköm̄liche Gewohnheit, altes Recht,
1419 1252 3723 1440 Man kann auf gar nichts mehr vertrauen.
1413 1382 3775 1580 Sonſt mit dem letzten Athem fuhr ſie aus,
1423 1515 3947 1740 Ich paßt ihr auf und, wie die ſchnellſte Maus,
1426 1665 3979 1884 Schnapps! hielt ich ſie in feſt verſchloßnen Klauen.
1399 1829 3901 2003 Nun zaudert ſie und will den düſtern Ort,
1419 1969 3966 2167 Des ſchlechten Leichnams eckles Haus nicht laſſen;
1413 2133 3157 2304 Die Elemente die ſich haſſen,
1413 2263 3737 2447 Die treiben ſie am Ende ſchmählich fort.
1382 2409 3911 2587 Und wenn ich Tag und Stunden mich zerplage
1428 2539 3937 2754 Wann? wie? und wo? das iſt die leidige Frage,
1409 2723 3874 2887 Der alte Todt verlor die raſche Kraft,
1416 2850 3693 3034 Das Ob? sogar iſt lange zweifelhaft;
1402 2959 3968 3184 Oft ſah ich lüſtern auf die ſtarren Glieder;
3256 3077 3517 3194 das
1454 3107 3983 3317 Es war nur Schein, das rührte, und regte ſich wieder
2092 3249 3959 3450 /: Beſchwörung :/ Beſchwörungs„
3261 3348 3911 3502 Gebärden :/
1710 3430 3976 3638 Nur friſch heran! verdoppelt euren Schritt,
1397 3573 3968 3804 Ihr Herren vom graden, Herrn vom krum̄en Horne,
1433 3752 3537 3952 Vom altem Teufelsſchrot und Korne
1377 3901 3686 4131 Bringt ihr zugleich den Höllenrachen mit.
1361 4065 3788 4290 Zwar hat die Hölle Rachen viele! viele!
1426 4246 3952 4437 Nach Standsgebühr und Würden ſchlingt ſie ein;
1399 4416 3959 4604 Doch wird man auch bey dieſem letzten Spiele
1367 4561 3609 4776 Ins künftige nicht ſo bedenklich ſeyn.
1634 4696 3966 4853 /: Der gräuliche Höllenrachen thut ſich lincks auf :/
1703 4809 3952 4969 Eckzähne klaffen; dem Gewölb des Schlundes
1450 4945 3478 5096 Entquillt der Feuerſtrom in Wuth,
1481 5065 3928 5249 Und in dem Siedequalm des Hintergrundes
1484 5215 3703 5437 Seh ich die Flam̄enſtadt in ewiger Glut.
