4096 6144
1112 890 3836 1075 Auch werd ich, ſeiner Zeit, mich von den Theuren trennen,
1126 1044 3840 1218 Dann ſey es Eure Pflicht den Folger zu ernennen.
1146 1177 3727 1387 Gekrönt erhebt ihn hoch auf heiligen Altar,
1153 1361 3870 1539 Und friedlich ende dann was jetzt ſo ſtürmiſch war.
2034 1522 2720 1727 Erzkanzler.
1133 1682 3887 1856 Mit Stolz in tiefſter Bruſt, mit Demuth an Gebärde,
1126 1832 3880 2034 Stehn Fürſten dir gebeugt, die erſten auf der Erde.
1129 2003 3761 2184 So lang das treue Blut die vollen Adern regt,
1116 2167 3775 2344 Sind wir der Körper den dein Wille leicht bewegt.
2054 2331 2570 2467 Kaiſer.
1116 2495 3887 2679 Und alſo ſey, zum Schluß, was wir bisher bethätigt,
1111 2626 3773 2841 Für alle Folgezeit durch Schrift und Zug beſtätigt.
1061 2795 3863 3013 Zwar habt ihr den Beſitz, als Herren völlig frey,
1105 2933 3819 3164 Mit dem Beding jedoch daß er untheilbar ſey.
1082 3123 3874 3317 Und wie ihr auch vermehrt was ihr von uns empfangen,
1095 3280 3795 3478 Es ſoll’s der ältſte Sohn in gleichem Maas erlangen.
2102 3464 2645 3662 Erzkanzl.
1049 3630 3824 3829 Dem Pergament alsbald vertrau ich wohlgemuth,
1075 3802 3819 3997 Zum Glück dem Reich und uns, das wichtigſte Statut;
1092 3952 3891 4174 Reinſchrift und Sieglung ſoll die Canzeley beſchäftigen,
1090 4116 3891 4377 Mit heiliger Signatur wirſt dus, der Herr, bekräftigen.
2071 4300 2508 4454 Kaiſ.
1095 4433 3642 4689 Und ſo entlaß ich euch, damit den großen Tag,
1122 4645 3604 4853 Geſam̄elt, jedermann ſich überlegen mag.
2020 4823 3867 5034 Die weltlichen Fürſten. /: entfer„
3300 4952 3840 5208 nen ſich :/
