4096 6144
2095 866 2413 1010 Fauſt.
1628 1027 3249 1191 Die Gaben, dieſen hier verliehen –
1638 1192 3061 1331 An jeglichen ein reiches Land –
1614 1324 3386 1488 Sind groß und herrlich, laß ſie ziehen!
1617 1471 3177 1641 Wir halten in der Mitte Stand.
1740 1675 3321 1822 Und ſie beſchützen um die Wette
1614 1843 3112 1966 Ringsum von Wellen angehüpft,
1628 1959 3365 2133 Nichtinſel dich, mit leichter Hügelkette
1612 2088 3317 2342 Europens letztem Bergaſt angeknüpft.
1696 2307 3392 2457 Das Land, vor aller Länder Sonnen
1614 2461 3037 2662 Sey ewig jedem Stam̄ beglückt,
1621 2624 3164 2768 Nun meiner Königin gewonnen,
1658 2761 3068 2938 Das früh an ihr hinauf geblickt.
1720 2913 3271 3144 Als, mit Eurotas Schilfgeflüſter,
1617 3095 3249 3252 Sie leuchtend aus der Schaale brach,
1580 3246 3372 3450 Der hohen Mutter, dem Geſchwiſter
1611 3406 3170 3566 Das Licht der Augen überſtach.
1723 3563 3409 3758 Dieß Land, allein zu dir gekehret,
1621 3691 3128 3906 Entbietet ſeinen höchſten Flor;
1612 3850 3174 4073 Dem Erdkreis, der dir angehöret,
1628 4044 3140 4198 Dein Vaterland o! zieh es vor.
1795 4208 3648 4358 Und duldet auch auf ſeiner Berge Rücken
1600 4358 3543 4553 Das Zackenhaupt der Sonne kalten Pfeil,
1590 4532 3587 4710 Läßt nun der Fels ſich angegrünt erblicken,
1600 4686 3481 4898 Die Ziege nim̄t genäſchig kargen Theil.
