4096 6144
706 873 2928 1047 Die Menge ſchwankt im ungewiſſen Geiſt,
727 1003 3229 1208 Dann ſtrömt ſie nach wohin der Strom ſie reißt.
1423 1187 1991 1351 Ob. Gen.
754 1273 3211 1443 Ein treuer Mann, auf Kundſchaft ausgeſchickt,
747 1392 3077 1648 Kom̄t, eilig Felſenab; ſeys ihm geglückt!
1372 1566 2452 1817 Erſter Kundſchafter.
1082 1778 2594 1955 Glücklich iſt ſie uns gelungen,
1092 1925 2587 2119 Liſtig, muthig unſre Kunſt,
1054 2058 2892 2273 Daß wir hin und her gedrungen;
1054 2222 2841 2421 Doch wir bringen wenig Gunſt.
1064 2385 2870 2560 Viele ſchwören reine Huldigung
1041 2549 2853 2696 Dir, wie manche treue Schaar,
1044 2667 2984 2894 Doch Unthätigkeits=Entſchuldigung:
1008 2836 2928 3066 Innere Gährung, Volksgefahr.
1563 3058 2044 3229 Kaiſer
730 3174 3307 3358 Sich ſelbſt erhalten bleibt der Selbſtſucht Lehre,
727 3345 3386 3556 Nicht Dankbarkeit und Neigung, und Pflicht und Ehre.
730 3532 3287 3706 Bedenkt ihr nicht, wenn eure Rechnung voll,
696 3679 3328 3880 Daß Nachbars Hausbrand Euch verzehren ſoll.
1556 3840 2088 4024 Ob. Gen.
716 3978 3379 4218 Der Zweyte kom̄t, nur langſam ſteigt er nieder,
727 4172 3179 4382 Dem müden Manne zittern alle Glieder.
1385 4358 2693 4577 Zweyter Kundſchafter.
781 4611 2730 4812 Erſt gewahrten wir vergnüglich
798 4741 2472 4951 Wilden Weſens irren Lauf;
795 4932 2488 5109 Unerwartet, unverzüglich
802 5072 2508 5253 Trat ein neuer Kaiſer auf.
3276 655 3368 747 150
