4096 6144
1590 884 3222 1054 Und ſo entwickelt ſich am reinen Tage
1498 1034 3027 1184 Zu Vaterkraft das holde Kind.
1474 1174 3631 1334 Wir ſtaunen drob; noch immer bleibt die Frage:
1491 1314 3099 1481 Ob’s Götter, ob es Menſchen ſind?
1600 1498 3331 1675 So war Apoll den Hirten zugeſtaltet
1498 1638 3082 1812 Daß ihm der ſchönſten einer glich;
1505 1795 3519 1935 Denn wo Natur im reinen Kreiſe waltet
1500 1899 2739 2180 Ergreifen alle Welten ſich.
2300 2044 3242 2205 /: Neben ihr ſitzend :/
1600 2187 3423 2365 So iſt es mir, ſo iſt es dir gelungen,
1501 2344 3287 2525 Vergangenheit ſey hinter uns gethan;
1495 2481 3563 2676 O fühle dich vom höchſten Gott entſprungen,
1501 2624 3235 2826 Der erſten Welt gehörſt du einzig an.
1590 2829 3467 3031 Nicht feſte Burg ſoll dich umſchreiben!
1488 2990 3102 3167 Noch zirckt, in ewiger Jugendkraft
1484 3170 3140 3321 Für uns, zu wonnevollem Bleiben,
1488 3297 3153 3454 Arkadien in Sparta’s Nachbarſchaft.
1628 3471 3394 3683 Gelockt auf ſel’gem Grund zu wohn
1489 3599 3394 3824 Du flüchteteſt ins heiterſte Geſchick;
1520 3768 3456 3998 Zur Laube wandeln ſich die Thronen,
1515 3949 3044 4188 Arkadiſch frey ſey unſer Glück!
2327 4164 3928 4334 /: Der Schauplatz verwandelt ſich
2304 4295 3957 4505 durchaus. An eine Reihe von Felſen„
2327 4447 3986 4621 höhlen lehnen ſich geſchloßne Lauben.
2307 4608 3956 4809 Schattiger Hain bis an die rings um„
2314 4747 3986 4925 gebende Felſenſteile hinan. Fauſt und
3614 4853 3763 4966 Der
2290 4908 3962 5079 Helena werden nicht geſehen. Das Chor
2298 5032 3732 5268 liegt ſchlafend vertheilt umher. :/
