4096 6144
1071 890 2734 1047 Den Plunder laß an ſeinem Ort,
1092 1047 2911 1218 Nehm’ eines dieſer Kiſtchen fort!
1068 1198 3106 1385 Dies iſt des Heers beſchiedner Sold,
1080 1336 2979 1561 In ſeinem Bauche lauter Gold.
1116 1633 3031 1868 Das hat ein mörderiſch Gewicht
1643 1510 2001 1730 Eileb.
1105 1812 3005 2022 Ich heb es nicht, ich trag es nicht.
1071 2143 3089 2344 Geſchwinde duck dich! Mußt dich bücken!
1669 1981 2099 2186 Habeb.
1129 2310 3126 2515 Ich hucke dir’s auf den ſtarken Rücken.
1049 2641 3036 2841 O Weh! O Weh nun iſts vorbey!
1689 2462 2042 2713 Eileb.
1030 2833 3126 3024 Die Laſt bricht mir das Kreuz entzwey.
1665 3010 3505 3218 /: das Kiſtchen ſtürzt und ſpringt
1078 3512 3007 3717 Da liegt das rothe Gold zu Hauf,
1674 3307 2129 3522 Habeb.
2247 3107 2621 3379 auf :/
1061 3669 3044 3867 Geſchwinde zu und raff es auf.
1071 3990 3191 4194 Geſchwinde nur zum Schooß hinein!
1669 3804 3005 4029 Eileb. (kauert nieder.)
1064 4126 3292 4392 Noch immer wirds zur Gnüge ſeyn.
1633 4336 2104 4546 Habeb.
1085 4498 2792 4710 Und ſo genug! und eile doch!
1542 4648 2525 4867 /: ſie ſteht auf :/
1054 4802 2933 5041 O weh die Schürze hat ein Loch!
1075 4980 3003 5157 Wohin du gehſt und wo du ſtehſt
1082 5130 3010 5352 Verſchwenderiſch die Schätze ſäſt.
