4096 6144
2099 832 2426 1041 Helena
1355 1051 3307 1225 Verwirre wüſten Sinnes Aberwitz nicht gar.
1375 1191 3338 1399 Selbſt jetzo, welche denn ich ſey, ich weiß es nicht.
2088 1331 2416 1525 Phork:
1392 1539 3457 1727 Dann ſagen ſie: aus hohlem Schattenreich herauf
1423 1696 3235 1846 Geſellte ſich inbrünſtig noch Achill zu dir;
1406 1829 3573 2044 Dich früher liebend gegen allen Geſchicks Beſchluß.
2048 2003 2440 2198 Helena.
1460 2184 3522 2365 Ich als Idol, ihm dem Idol verband ich mich.
1440 2365 3628 2553 Es war ein Traum, ſo ſagen ja die Worte ſelbſt.
1447 2529 3696 2734 Ich ſchwinde hin und werde ſelbſt mir ein Idol.
2071 2703 3676 2945 /: ſinkt dem Halbchor in die Arme :/
2048 2986 2372 3242 Chor.
1761 3222 2761 3396 Schweige, ſchweige!
1751 3396 3164 3556 Mißblickende, mißredende du!
1757 3560 3092 3744 Aus ſo gräßlichen einzahnigen
1764 3720 3037 3867 Lippen was enthaucht wohl
1751 3836 3403 4075 Solchem furchtbaren Greuelſchlund.
