4096 6144
1498 884 3116 1078 Ach! die guten alten Leute,
1518 1041 3416 1225 Sonſt ſo ſorglich um das Feuer,
1546 1198 3618 1355 Werden Sie dem Qualm zur Beute!
1542 1331 3375 1498 Welch ein ſchrecklich Abentheuer!
1515 1477 3355 1634 Flamme flam̄et, roth in Gluten
1539 1611 3560 1795 Steht das ſchwarze Moosgeſtelle;
1546 1761 3307 1921 Retteten ſich nur die Guten
1587 1877 3631 2051 Aus der wildentbrandten Hölle!
1594 2017 3310 2215 Züngelnd lichte Blitze ſteigen
1600 2153 3717 2355 Zwiſchen Blättern, zwiſchen Zweigen;
1604 2314 3734 2481 Aeſte dürr, die flackernd brennen,
1631 2464 3495 2635 Glühen ſchnell und ſtürzen ein.
1617 2594 3532 2757 Sollt ihr Augen dieß erkennen!
1624 2757 3423 2955 Muß ich ſo weitſichtig ſeyn!
1607 2904 3529 3092 Das Kapellchen bricht zuſam̄en
1638 3041 3570 3208 Von der Aeſte Sturz und Laſt.
1617 3194 3655 3403 Schlängelnd ſind, mit ſpitzen Flam̄en,
1621 3358 3454 3529 Schon die Gipfel angefaßt.
1652 3488 3771 3676 Bis zur Wurzel glühn die hohlen
1645 3642 3812 3822 Stäm̄e, Purpurroth im Glühn. –
2104 3783 3553 4003 /: Lange Pauſe, Geſang :/
1658 3949 3781 4119 Was ſich ſonſt dem Blick empfohlen,
1662 4078 3362 4287 Mit Jahrhunderten iſt hin.
