<?xml version="1.0" encoding="UTF-8"  standalone="yes"?>
<PcGts xmlns="http://schema.primaresearch.org/PAGE/gts/pagecontent/2019-07-15" xmlns:xsi="http://www.w3.org/2001/XMLSchema-instance" xsi:schemaLocation="http://schema.primaresearch.org/PAGE/gts/pagecontent/2019-07-15 http://schema.primaresearch.org/PAGE/gts/pagecontent/2019-07-15/pagecontent.xsd">
  <Metadata>
	<Creator>escriptorium</Creator>
	<Created>2023-07-08T12:30:06.810480+00:00</Created>
        <LastChange>2023-07-08T12:30:06.810493+00:00</LastChange>

  </Metadata>
  <Page imageFilename="391098_0238_0.jpg" imageWidth="4096" imageHeight="6144">

    
    <TextRegion id="eSc_textblock_3bf0007a"  custom="structure {type:text;}">
      <Coords points="2048,778 2304,778 2457,983 3669,996 3778,1051 3751,1239 3519,1488 3560,1757 3846,1829 3901,1938 3860,2426 3723,2785 3764,3041 3573,3372 3655,3532 3805,3590 3874,3700 3792,4000 3833,4311 3751,4625 2877,4666 1460,4625 1419,1829 1365,1078 1433,969 1826,942 2048,778"/>
      
      
      <TextLine id="eSc_line_3c2d4a12" custom="structure {type:default;}">
        <Coords points="2317,798 2307,791 2187,822 2170,808 2146,788 2146,785 2143,785 2140,785 2095,785 2092,785 2088,785 1976,829 1979,911 1979,996 2092,976 2174,983 2263,989 2266,989 2269,989 2331,965 2331,904 2321,802 2317,798"/>
        <Baseline points="1979,911 2331,904"/>
        <TextEquiv>
          <Unicode>Phork:</Unicode>
        </TextEquiv>
      </TextLine>

      
      
      <TextLine id="eSc_line_3f3913de" custom="structure {type:default;}">
        <Coords points="1382,1047 1382,1122 1382,1194 1546,1187 1549,1187 1553,1187 1600,1150 1768,1191 1792,1194 1795,1198 1860,1198 1860,1194 1863,1194 1867,1194 1870,1187 1918,1150 2119,1181 2123,1181 2297,1150 2553,1174 2556,1174 2560,1174 2624,1150 2686,1167 2689,1167 2693,1167 2860,1150 2894,1174 2918,1194 2921,1194 2925,1194 2928,1198 3082,1198 3082,1194 3085,1194 3133,1170 3174,1150 3211,1170 3242,1184 3246,1184 3249,1184 3252,1184 3256,1184 3280,1167 3314,1150 3368,1167 3457,1194 3461,1194 3464,1198 3624,1198 3624,1194 3628,1194 3631,1194 3676,1163 3679,1163 3744,1163 3744,1122 3744,1051 3645,1051 3642,1047 3618,1027 3614,1027 3611,1027 3607,1027 3450,1047 3430,1047 3426,1047 3375,1013 3372,1013 3368,1013 3249,1013 3246,1013 3242,1013 3239,1013 3239,1017 3208,1044 3201,1051 3116,1051 3102,1044 3041,1013 3037,1013 3034,1013 2802,1041 2723,1051 2652,1051 2631,1037 2580,1013 2577,1013 2573,1013 2570,1013 2525,1037 2519,1041 2481,1037 2307,1013 2304,1013 2300,1013 2259,1034 2235,1047 2174,1034 2102,1017 2099,1017 1925,1027 1921,1027 1918,1027 1914,1030 1894,1047 1809,1030 1805,1030 1802,1030 1798,1030 1696,1044 1641,1027 1594,1013 1590,1013 1587,1013 1392,1024 1382,1047"/>
        <Baseline points="1382,1122 3744,1122"/>
        <TextEquiv>
          <Unicode>Habt ihr Geduld des Vortrags langgedehnten Zug,</Unicode>
        </TextEquiv>
      </TextLine>

      
      
      <TextLine id="eSc_line_ffe6fdb5" custom="structure {type:default;}">
        <Coords points="1426,1269 1426,1310 1522,1327 1525,1327 1529,1327 1576,1310 1580,1307 1583,1310 1648,1355 1652,1355 1655,1355 1658,1355 1812,1338 1894,1351 1897,1351 1901,1351 1904,1351 1986,1300 2010,1286 2344,1286 2362,1293 2454,1344 2457,1344 2461,1344 2464,1344 2467,1344 2549,1290 2560,1283 2570,1290 2638,1341 2641,1341 2645,1341 2648,1341 3000,1338 3106,1334 3109,1334 3211,1280 3222,1273 3413,1273 3420,1273 3450,1297 3454,1297 3457,1297 3461,1297 3611,1269 3611,1239 3597,1143 3515,1181 3461,1181 3430,1153 3430,1150 3426,1150 3423,1150 3420,1150 3416,1150 3307,1177 3249,1153 3242,1150 3239,1150 3109,1150 3106,1150 3102,1150 3075,1157 2993,1184 2914,1163 2891,1157 2887,1157 2884,1157 2880,1157 2846,1163 2798,1177 2785,1167 2768,1153 2764,1153 2761,1153 2757,1153 2754,1153 2751,1153 2734,1167 2723,1177 2699,1170 2662,1157 2658,1157 2655,1157 2652,1157 2648,1157 2624,1170 2600,1187 2577,1174 2560,1160 2556,1160 2553,1160 2549,1160 2546,1160 2542,1160 2525,1174 2515,1181 2505,1174 2491,1163 2488,1163 2484,1163 2334,1160 2331,1160 2327,1160 2324,1160 2293,1181 2276,1194 2208,1194 2160,1184 2058,1163 1989,1163 1986,1163 1983,1163 1979,1163 1949,1191 1938,1198 1867,1194 1508,1170 1505,1170 1501,1170 1423,1201 1426,1269"/>
        <Baseline points="1426,1269 2392,1245 3611,1239"/>
        <TextEquiv>
          <Unicode>Still anzuhören? Mancherley Geſchichten ſinds.</Unicode>
        </TextEquiv>
      </TextLine>

      
      
      <TextLine id="eSc_line_b8767203" custom="structure {type:default;}">
        <Coords points="2010,1416 2007,1508 2300,1474 2304,1423 2304,1361 2239,1361 2235,1358 2150,1314 2146,1314 2143,1314 2140,1314 2010,1355 2010,1416"/>
        <Baseline points="2010,1416 2304,1423"/>
        <TextEquiv>
          <Unicode>Chor.</Unicode>
        </TextEquiv>
      </TextLine>

      
      
      <TextLine id="eSc_line_47840fd2" custom="structure {type:default;}">
        <Coords points="1440,1604 1440,1672 1525,1672 1525,1669 1529,1669 1532,1669 1617,1624 1689,1662 1699,1669 1703,1669 1706,1672 1822,1672 1822,1669 1826,1669 1829,1669 1839,1658 1887,1628 2027,1628 2071,1652 2106,1669 2109,1669 2112,1672 2280,1672 2280,1669 2283,1669 2286,1669 2286,1665 2310,1645 2331,1624 2355,1638 2358,1638 2362,1638 2454,1621 2505,1641 2546,1655 2549,1655 2553,1655 2556,1655 2560,1655 2583,1638 2597,1628 2618,1638 2652,1652 2655,1652 2658,1652 2747,1634 2809,1621 2904,1628 3007,1638 3010,1638 3082,1624 3099,1621 3116,1624 3293,1665 3297,1665 3300,1665 3304,1665 3334,1641 3416,1645 3420,1645 3423,1645 3426,1645 3461,1617 3461,1597 3447,1498 3372,1522 3259,1515 3256,1515 3252,1515 3249,1515 3218,1542 2935,1542 2904,1522 2901,1522 2897,1522 2894,1522 2891,1522 2833,1539 2768,1515 2727,1498 2723,1498 2662,1498 2658,1498 2655,1498 2652,1498 2652,1501 2631,1518 2628,1525 2614,1518 2566,1498 2563,1498 2560,1498 2556,1498 2508,1522 2498,1525 2484,1522 2420,1501 2416,1501 2198,1501 2194,1501 2191,1501 2187,1501 2150,1529 2133,1546 1921,1546 1904,1536 1860,1518 1856,1518 1853,1518 1850,1518 1819,1532 1781,1501 1778,1501 1774,1501 1771,1501 1768,1501 1716,1518 1536,1501 1532,1501 1529,1501 1437,1542 1440,1604"/>
        <Baseline points="1440,1604 3461,1597"/>
        <TextEquiv>
          <Unicode>Geduld genug! Zuhörend leben wir indeß.</Unicode>
        </TextEquiv>
      </TextLine>

      
      
      <TextLine id="eSc_line_997ea5a3" custom="structure {type:default;}">
        <Coords points="1450,1942 1450,1972 1573,1962 1614,1972 1710,2000 1713,2000 1716,2000 1720,2000 1723,2000 1757,1976 1836,1972 1928,1966 1945,1969 2020,1996 2024,1996 2027,1996 2030,1996 2088,1969 2112,1959 2167,1969 2242,1983 2245,1983 2249,1983 2307,1969 2331,1962 2348,1969 2392,1986 2396,1986 2399,1986 2402,1986 2406,1986 2437,1966 2450,1959 2474,1966 2501,1976 2505,1976 2508,1976 2631,1966 2713,1959 2730,1966 2798,1993 2802,1993 2805,1993 2809,1993 2877,1962 2891,1962 3089,1959 3106,1962 3252,2000 3256,2000 3259,2003 3464,2003 3464,2000 3467,2000 3471,2000 3515,1972 3573,2000 3577,2000 3580,2003 3723,2003 3723,2000 3727,2000 3850,1955 3853,1952 3846,1860 3778,1863 3768,1860 3751,1843 3747,1843 3744,1843 3741,1843 3737,1843 3679,1860 3659,1863 3652,1860 3604,1829 3601,1829 3597,1829 3594,1829 3590,1829 3481,1856 3440,1826 3437,1826 3433,1826 3365,1826 3362,1826 3358,1826 3263,1860 3252,1863 3242,1860 3177,1832 3174,1832 3170,1832 3167,1832 3123,1856 3024,1826 3020,1826 3017,1826 2874,1860 2860,1863 2850,1860 2757,1826 2754,1826 2751,1826 2747,1826 2744,1826 2682,1860 2682,1863 2597,1863 2594,1863 2522,1826 2519,1826 2276,1826 2273,1826 2269,1826 2205,1863 2198,1867 1955,1867 1952,1863 1890,1826 1887,1826 1884,1826 1600,1826 1597,1826 1594,1826 1590,1826 1546,1863 1546,1867 1450,1867 1450,1942"/>
        <Baseline points="1450,1942 3153,1935 3853,1952"/>
        <TextEquiv>
          <Unicode>Dem der zu Hauſe verharrend edlen Schatz bewahrt,</Unicode>
        </TextEquiv>
      </TextLine>

      
      
      <TextLine id="eSc_line_632f1ea0" custom="structure {type:default;}">
        <Coords points="1993,1795 1996,1873 2372,1822 2372,1771 2351,1655 2300,1693 2201,1675 2146,1669 2143,1669 1986,1703 1993,1795"/>
        <Baseline points="1993,1795 2372,1771"/>
        <TextEquiv>
          <Unicode>Phork:</Unicode>
        </TextEquiv>
      </TextLine>

      
      
      <TextLine id="eSc_line_82794abd" custom="structure {type:default;}">
        <Coords points="1454,2099 1454,2126 1570,2136 1573,2136 1576,2136 1604,2129 1648,2116 1703,2129 1798,2150 1802,2150 1805,2150 1809,2150 1809,2146 1832,2129 1843,2116 1969,2112 1986,2129 2010,2150 2010,2153 2013,2153 2017,2153 2020,2157 2119,2157 2119,2153 2123,2153 2177,2129 2187,2123 2198,2129 2218,2143 2222,2143 2225,2143 2228,2143 2232,2143 2235,2143 2252,2129 2256,2126 2263,2129 2283,2146 2283,2150 2286,2150 2290,2150 2293,2150 2297,2150 2300,2150 2324,2129 2351,2109 2402,2129 2406,2129 2409,2129 2413,2129 2416,2129 2420,2129 2450,2109 2699,2109 2737,2129 2775,2150 2778,2150 2781,2150 3044,2143 3048,2143 3051,2143 3068,2129 3099,2112 3235,2126 3239,2126 3242,2126 3293,2109 3389,2129 3450,2143 3454,2143 3604,2129 3607,2088 3594,1986 3522,2030 3290,2030 3256,2000 3252,2000 3249,2000 3229,1996 3112,1989 3109,1989 3106,1989 3082,2000 3024,2030 2979,2003 2959,1989 2955,1989 2952,1989 2949,1989 2945,1989 2942,1989 2921,2007 2891,2027 2788,2013 2785,2013 2597,2034 2570,2017 2553,2000 2549,2000 2546,2000 2443,1993 2440,1993 2437,1993 2433,1993 2402,2020 2382,2037 2338,2041 2167,2041 2153,2027 2123,2000 2123,1996 2119,1996 2116,1996 2112,1996 1778,2000 1774,2000 1771,2000 1744,2017 1532,2000 1529,2000 1525,2000 1522,2000 1450,2037 1454,2099"/>
        <Baseline points="1454,2099 2775,2078 3607,2088"/>
        <TextEquiv>
          <Unicode>Und hoher Wohnung Mauern auszukitten weiß,</Unicode>
        </TextEquiv>
      </TextLine>

      
      
      <TextLine id="eSc_line_5392794e" custom="structure {type:default;}">
        <Coords points="1430,2269 1430,2286 1467,2286 1474,2290 1542,2334 1546,2334 1549,2334 1553,2334 1556,2334 1617,2304 1706,2341 1710,2341 2126,2344 2129,2344 2133,2344 2136,2344 2181,2307 2181,2304 2191,2307 2218,2314 2222,2314 2225,2314 2228,2314 2232,2314 2239,2307 2259,2293 2338,2310 2392,2321 2396,2321 2399,2321 2420,2310 2457,2293 2522,2310 2525,2310 2529,2310 2655,2293 2676,2310 2679,2310 2682,2310 2686,2310 2778,2297 2809,2321 2819,2331 2822,2331 2826,2331 2829,2331 2870,2324 2986,2297 3058,2297 3085,2317 3085,2321 3089,2321 3092,2321 3095,2321 3222,2297 3280,2324 3283,2324 3287,2324 3382,2304 3423,2338 3433,2344 3437,2344 3440,2344 3444,2344 3447,2344 3471,2338 3563,2307 3703,2344 3737,2351 3741,2351 3744,2351 3840,2344 3843,2286 3843,2222 3723,2177 3720,2177 3717,2177 3713,2177 3710,2177 3659,2218 3604,2198 3601,2198 3597,2198 3594,2198 3590,2198 3566,2218 3563,2222 3488,2222 3485,2215 3433,2174 3433,2170 3430,2170 3426,2170 3423,2170 3420,2170 3287,2205 3194,2167 3191,2167 3188,2167 3184,2167 3181,2167 3116,2211 3109,2218 3048,2218 3034,2211 2921,2167 2918,2167 2512,2164 2508,2164 2505,2164 2413,2201 2389,2211 2010,2211 1986,2198 1938,2174 1935,2174 1931,2174 1928,2174 1884,2194 1860,2211 1716,2211 1696,2194 1672,2170 1669,2170 1665,2170 1662,2170 1556,2174 1553,2174 1512,2191 1477,2205 1430,2191 1430,2269"/>
        <Baseline points="1430,2269 2754,2263 3843,2286"/>
        <TextEquiv>
          <Unicode>Wie auch zu ſichern das Dach vor des Regens Drang,</Unicode>
        </TextEquiv>
      </TextLine>

      
      
      <TextLine id="eSc_line_9e3a1356" custom="structure {type:default;}">
        <Coords points="1460,2461 1464,2508 1553,2474 1614,2495 1617,2495 1621,2495 1624,2495 1723,2471 1897,2488 1901,2488 2181,2467 2218,2491 2256,2519 2259,2519 2263,2519 2266,2522 2399,2522 2399,2519 2402,2519 2406,2519 2447,2484 2478,2464 2512,2484 2532,2495 2536,2495 2539,2495 2542,2495 2580,2484 2645,2461 2689,2481 2761,2515 2764,2515 2768,2515 2819,2512 2822,2512 2826,2512 2874,2478 2904,2454 3065,2454 3140,2461 3153,2471 3211,2508 3215,2508 3218,2508 3222,2508 3331,2505 3334,2505 3338,2505 3396,2464 3409,2454 3420,2464 3471,2505 3474,2505 3478,2505 3481,2508 3553,2508 3553,2505 3652,2501 3655,2501 3659,2501 3720,2457 3727,2454 3761,2454 3764,2433 3758,2321 3607,2338 3590,2324 3587,2324 3584,2324 3580,2324 3577,2324 3573,2324 3502,2368 3433,2365 3399,2331 3392,2327 3392,2324 3389,2324 3386,2324 3297,2324 3293,2324 3290,2324 3287,2324 3273,2334 3225,2372 3170,2338 3153,2327 3150,2327 3147,2327 3031,2327 3027,2327 3024,2327 3020,2327 3020,2331 3003,2344 2986,2358 2836,2351 2822,2351 2819,2351 2816,2351 2812,2351 2710,2382 2648,2382 2618,2358 2587,2334 2583,2334 2580,2334 2577,2334 2573,2334 2570,2334 2529,2362 2501,2379 2481,2362 2450,2338 2447,2338 2443,2338 2392,2338 2389,2338 2385,2338 2382,2338 2382,2341 2351,2368 2344,2375 2239,2385 2198,2372 2140,2351 2136,2351 2133,2351 2129,2351 2126,2351 2088,2375 2078,2382 2071,2375 2017,2348 2013,2348 2010,2348 2007,2348 2003,2348 2003,2351 1969,2379 1959,2392 1768,2392 1754,2389 1590,2348 1587,2348 1583,2348 1580,2348 1518,2396 1457,2396 1460,2461"/>
        <Baseline points="1460,2461 2693,2426 3764,2433"/>
        <TextEquiv>
          <Unicode>Dem wird es wohlgehen lange Lebenstage durch;</Unicode>
        </TextEquiv>
      </TextLine>

      
      
      <TextLine id="eSc_line_238395ba" custom="structure {type:default;}">
        <Coords points="1416,2624 1416,2648 1556,2645 1573,2652 1645,2679 1648,2679 1652,2679 1655,2679 1658,2679 1703,2648 1723,2635 1754,2648 1829,2679 1832,2679 1836,2679 1976,2676 1979,2676 1983,2676 2017,2645 2030,2635 2078,2641 2116,2648 2119,2648 2201,2641 2334,2628 2375,2638 2416,2648 2420,2648 2423,2648 2426,2648 2454,2638 2464,2631 2471,2638 2491,2652 2495,2652 2498,2652 2501,2652 2621,2635 2686,2624 2696,2635 2720,2652 2720,2655 2723,2655 2727,2655 2730,2655 2734,2655 2781,2631 2798,2624 2986,2624 3000,2628 3095,2665 3099,2665 3102,2669 3218,2669 3218,2665 3222,2665 3287,2635 3348,2665 3351,2665 3355,2669 3498,2669 3498,2665 3502,2665 3614,2618 3614,2607 3607,2525 3512,2529 3505,2525 3478,2505 3474,2505 3471,2505 3467,2505 3464,2505 3406,2525 3365,2542 3348,2529 3321,2505 3317,2505 3314,2505 3167,2501 3164,2501 3160,2501 3157,2501 3106,2532 3078,2549 3034,2549 3013,2532 2976,2505 2973,2505 2969,2505 2795,2505 2792,2505 2788,2505 2730,2539 2717,2546 2703,2539 2662,2508 2658,2508 2655,2508 2382,2508 2379,2508 2375,2508 2266,2546 2239,2553 2194,2546 2078,2525 2075,2525 2071,2525 2068,2525 2041,2549 2030,2556 1949,2556 1938,2549 1887,2522 1884,2522 1880,2522 1877,2522 1873,2522 1829,2553 1819,2560 1682,2560 1675,2553 1621,2519 1617,2519 1614,2519 1611,2519 1413,2556 1416,2624"/>
        <Baseline points="1416,2624 2536,2597 3614,2607"/>
        <TextEquiv>
          <Unicode>Wer aber ſeiner Schwelle heilige Richte leicht</Unicode>
        </TextEquiv>
      </TextLine>

      
      
      <TextLine id="eSc_line_17f878d6" custom="structure {type:default;}">
        <Coords points="1474,2798 1477,2829 1536,2812 1621,2826 1662,2833 1665,2833 1669,2833 1689,2826 1733,2809 1754,2822 1788,2853 1792,2853 1795,2853 1798,2856 2007,2856 2007,2853 2010,2853 2013,2853 2013,2850 2044,2819 2054,2809 2095,2802 2119,2816 2174,2850 2177,2850 2181,2850 2184,2853 2249,2853 2249,2850 2252,2850 2256,2850 2300,2812 2314,2802 2379,2809 2426,2816 2430,2816 2433,2816 2437,2816 2437,2812 2443,2809 2454,2795 2611,2795 2628,2805 2679,2843 2682,2843 2686,2843 2689,2846 2761,2846 2761,2843 2764,2843 2768,2843 2809,2805 2918,2798 3020,2792 3034,2795 3116,2829 3119,2829 3229,2836 3232,2836 3235,2836 3239,2836 3287,2798 3392,2822 3396,2822 3597,2781 3597,2771 3594,2693 3515,2676 3512,2676 3358,2696 3300,2703 3293,2696 3263,2669 3263,2665 3259,2665 3256,2665 3205,2665 3201,2665 3198,2665 3194,2665 3140,2699 3112,2676 3112,2672 3109,2672 3106,2672 2990,2669 2986,2669 2983,2669 2901,2703 2894,2706 2887,2703 2850,2686 2846,2686 2843,2686 2839,2686 2761,2706 2744,2710 2734,2706 2638,2672 2635,2672 2631,2672 2628,2672 2624,2672 2583,2710 2577,2717 2454,2717 2450,2713 2406,2676 2402,2676 2399,2676 2314,2676 2310,2676 2201,2679 2198,2679 2194,2679 2194,2682 2157,2717 2157,2720 2034,2720 2030,2720 2000,2689 2000,2686 1996,2686 1993,2686 1989,2686 1908,2699 1805,2682 1802,2682 1798,2682 1733,2717 1556,2699 1553,2699 1549,2699 1471,2727 1474,2798"/>
        <Baseline points="1474,2798 2488,2768 3597,2771"/>
        <TextEquiv>
          <Unicode>Mit flüchtigen Sohlen überſchreitet freventlich,</Unicode>
        </TextEquiv>
      </TextLine>

      
      
      <TextLine id="eSc_line_c0e6f83b" custom="structure {type:default;}">
        <Coords points="1477,2976 1474,3007 1597,3020 1600,3020 1604,3020 1641,3010 1713,2990 1812,2993 1832,3013 1843,3020 1843,3024 1846,3024 1850,3024 1853,3024 1856,3024 1884,3013 1952,2986 2092,3003 2095,3003 2256,2990 2293,3017 2310,3031 2314,3031 2317,3031 2321,3034 2437,3034 2437,3031 2440,3031 2443,3031 2457,3020 2478,3000 2652,2990 2696,3020 2703,3027 2706,3027 2710,3027 2713,3027 2717,3027 2730,3020 2744,3013 2751,3020 2757,3027 2757,3031 2761,3031 2764,3031 2768,3034 2925,3034 2925,3031 2928,3031 2945,3024 3020,2993 3215,2993 3235,3013 3239,3013 3242,3013 3246,3013 3464,2990 3525,3031 3529,3031 3532,3031 3536,3034 3720,3034 3723,2969 3723,2901 3642,2853 3638,2853 3635,2853 3481,2853 3478,2853 3474,2853 3471,2853 3413,2894 3348,2867 3345,2867 3341,2867 3338,2867 3334,2867 3304,2887 3269,2870 3266,2870 3263,2870 3259,2870 3256,2870 3205,2901 3106,2853 3102,2853 3099,2853 3095,2853 3020,2887 2938,2856 2935,2856 2932,2856 2928,2856 2843,2901 2839,2904 2781,2904 2781,2901 2686,2856 2682,2856 2679,2856 2676,2856 2672,2856 2614,2897 2566,2856 2566,2853 2563,2853 2560,2853 2300,2853 2297,2853 2293,2853 2290,2853 2228,2901 2225,2904 2150,2904 2143,2901 2027,2863 2024,2863 2020,2863 2017,2863 1949,2887 1870,2880 1826,2850 1822,2850 1819,2850 1815,2850 1812,2850 1809,2850 1740,2901 1477,2901 1477,2976"/>
        <Baseline points="1477,2976 2198,2955 3723,2969"/>
        <TextEquiv>
          <Unicode>Der findet, wiederkehrend, wohl den alten Platz,</Unicode>
        </TextEquiv>
      </TextLine>

      
      
      <TextLine id="eSc_line_8902b866" custom="structure {type:default;}">
        <Coords points="1447,3167 1447,3208 1836,3225 1839,3225 1843,3225 1846,3225 1846,3222 1867,3205 1894,3177 1945,3198 1949,3198 1952,3198 1955,3198 1959,3198 1993,3177 2129,3177 2167,3201 2170,3201 2174,3201 2177,3201 2181,3201 2184,3201 2266,3177 2450,3177 2471,3198 2474,3198 2474,3201 2478,3201 2481,3201 2484,3201 2488,3201 2498,3198 2536,3177 2699,3177 2720,3194 2757,3225 2761,3225 2764,3225 2768,3229 2962,3229 2962,3225 2966,3225 2969,3225 2993,3205 3177,3225 3181,3225 3184,3225 3188,3225 3235,3191 3314,3222 3317,3222 3321,3222 3324,3222 3413,3184 3444,3174 3618,3181 3624,3147 3621,3061 3450,3037 3447,3037 3444,3037 3440,3037 3406,3061 3372,3085 3208,3068 3205,3068 3109,3085 3031,3068 2911,3041 2908,3041 2904,3041 2901,3041 2856,3072 2853,3072 2819,3054 2816,3054 2812,3054 2809,3054 2805,3054 2785,3072 2768,3089 2525,3089 2505,3075 2433,3041 2430,3041 2123,3041 2119,3041 2116,3041 2112,3041 2068,3082 2061,3085 2034,3082 1908,3065 1904,3065 1764,3085 1713,3041 1710,3041 1706,3041 1607,3041 1604,3041 1600,3041 1597,3041 1532,3089 1443,3089 1447,3167"/>
        <Baseline points="1447,3167 2027,3140 3624,3147"/>
        <TextEquiv>
          <Unicode>Doch umgeändert alles, wo nicht gar zerſtört.</Unicode>
        </TextEquiv>
      </TextLine>

      
      
      <TextLine id="eSc_line_550cbf20" custom="structure {type:default;}">
        <Coords points="1966,3362 1966,3392 2454,3375 2454,3355 2447,3300 2321,3300 2215,3235 2211,3235 2208,3235 2205,3235 2112,3239 2109,3239 2106,3239 2051,3283 2003,3266 2000,3266 1996,3266 1993,3266 1989,3266 1989,3269 1962,3293 1966,3362"/>
        <Baseline points="1966,3362 2454,3355"/>
        <TextEquiv>
          <Unicode>Helena.</Unicode>
        </TextEquiv>
      </TextLine>

      
      
      <TextLine id="eSc_line_fd178811" custom="structure {type:default;}">
        <Coords points="1495,3543 1491,3573 1576,3577 1628,3624 1631,3624 1634,3624 1638,3628 1720,3628 1720,3624 1723,3624 1727,3624 1727,3621 1774,3577 1778,3577 1795,3577 1798,3577 1904,3628 1908,3628 1911,3631 1986,3631 1986,3628 1989,3628 1993,3628 1993,3624 2041,3580 2048,3573 2341,3573 2348,3584 2399,3628 2399,3631 2402,3631 2406,3631 2409,3635 2474,3635 2474,3631 2478,3631 2481,3631 2481,3628 2529,3584 2536,3577 2918,3577 2928,3587 2979,3631 2979,3635 2983,3635 2986,3635 2990,3635 3085,3618 3143,3638 3147,3638 3150,3642 3345,3642 3345,3638 3348,3638 3426,3594 3556,3590 3560,3560 3560,3485 3474,3447 3471,3447 3467,3447 3464,3447 3399,3478 3283,3478 3249,3450 3249,3447 3246,3447 3242,3447 3054,3444 3051,3444 3048,3444 3044,3444 3013,3471 2945,3450 2942,3450 2938,3450 2935,3450 2932,3450 2904,3474 2802,3444 2798,3444 2795,3444 2792,3444 2723,3467 2652,3440 2648,3440 2645,3440 2549,3450 2546,3450 2542,3450 2501,3481 2495,3485 2324,3485 2307,3478 2153,3437 2150,3437 2146,3437 2143,3437 2071,3478 2065,3481 2013,3481 2010,3478 1972,3440 1972,3437 1969,3437 1966,3437 1962,3437 1959,3437 1955,3437 1897,3474 1897,3478 1764,3478 1764,3474 1720,3437 1720,3433 1716,3433 1713,3433 1710,3433 1706,3433 1703,3433 1648,3467 1495,3471 1495,3543"/>
        <Baseline points="1495,3543 3560,3560"/>
        <TextEquiv>
          <Unicode>Wozu dergleichen wohlbekannte Sprüche hier.</Unicode>
        </TextEquiv>
      </TextLine>

      
      
      <TextLine id="eSc_line_799b9075" custom="structure {type:default;}">
        <Coords points="1447,3710 1447,3751 1443,3795 1638,3785 1641,3785 1689,3761 1737,3795 1740,3795 1744,3795 1747,3799 1890,3812 1894,3812 1897,3812 1935,3795 1996,3764 2034,3795 2054,3812 2058,3812 2061,3812 2065,3816 2256,3816 2256,3812 2259,3812 2263,3812 2290,3792 2314,3771 2372,3768 2413,3792 2461,3816 2464,3816 2467,3819 2628,3819 2628,3816 2631,3816 2682,3788 2713,3771 2757,3788 2850,3819 2853,3819 2856,3819 2860,3819 2863,3819 2918,3785 2945,3771 3150,3771 3167,3781 3198,3805 3201,3805 3205,3805 3208,3805 3211,3805 3259,3781 3273,3775 3403,3775 3416,3781 3491,3816 3495,3816 3638,3826 3642,3826 3645,3826 3826,3775 3829,3758 3826,3689 3642,3648 3638,3648 3635,3648 3631,3648 3590,3686 3587,3689 3491,3689 3488,3686 3447,3652 3444,3652 3440,3652 3437,3652 3433,3652 3392,3665 3362,3645 3358,3645 3355,3645 3351,3645 3246,3648 3242,3648 3160,3682 3157,3682 3153,3682 3024,3642 3020,3642 3017,3642 2880,3645 2877,3645 2874,3645 2833,3679 2829,3679 2696,3679 2488,3676 2399,3638 2396,3638 2392,3638 2191,3672 2061,3635 2058,3635 2054,3635 1774,3669 1771,3669 1621,3631 1617,3631 1614,3631 1611,3631 1607,3631 1549,3669 1546,3669 1447,3669 1447,3710"/>
        <Baseline points="1447,3751 1969,3730 2798,3730 3829,3758"/>
        <TextEquiv>
          <Unicode>Du willſt erzählen, rege nicht an Verdrießliches.</Unicode>
        </TextEquiv>
      </TextLine>

      
      
      <TextLine id="eSc_line_3f648aac" custom="structure {type:default;}">
        <Coords points="2037,3928 2037,4024 2095,4024 2095,4020 2099,4020 2102,4020 2140,3990 2406,4003 2409,3921 2396,3809 2273,3843 2239,3826 2208,3809 2205,3809 2140,3809 2136,3809 2133,3809 2034,3843 2037,3928"/>
        <Baseline points="2037,3928 2409,3921"/>
        <TextEquiv>
          <Unicode>Phork.</Unicode>
        </TextEquiv>
      </TextLine>

      
      
      <TextLine id="eSc_line_00cb8c84" custom="structure {type:default;}">
        <Coords points="1498,4119 1498,4167 1662,4136 1699,4164 1703,4164 1706,4164 1710,4167 1832,4167 1832,4164 1836,4164 1846,4160 1925,4136 1949,4157 1952,4157 1955,4157 1959,4157 2164,4126 2307,4150 2379,4164 2382,4164 2385,4164 2389,4164 2406,4150 2426,4133 2498,4147 2553,4157 2556,4157 2560,4157 2597,4147 2658,4126 2870,4140 2996,4147 3000,4147 3061,4136 3133,4123 3396,4123 3409,4130 3485,4160 3488,4160 3491,4164 3580,4164 3580,4160 3584,4160 3587,4160 3587,4157 3621,4126 3741,4119 3744,4106 3741,4003 3648,3997 3645,3997 3642,3997 3624,4003 3563,4034 3508,4007 3495,4000 3491,4000 3488,4000 3485,4000 3464,4007 3386,4034 3338,4010 3314,3997 3310,3997 3188,3997 3184,3997 3181,3997 3177,3997 3153,4014 3119,4037 2959,4037 2925,4017 2904,4003 2901,4003 2897,4003 2833,4000 2829,4000 2826,4000 2781,4020 2740,4041 2573,4041 2549,4024 2522,4003 2519,4003 2515,4003 2512,4003 2508,4003 2457,4027 2426,4037 2399,4027 2324,4000 2321,4000 2317,4000 2092,4034 2051,4037 2041,4034 1966,4000 1962,4000 1850,4000 1846,4000 1843,4000 1781,4027 1761,4007 1757,4007 1754,4007 1751,4007 1747,4007 1703,4024 1597,4000 1594,4000 1590,4000 1495,4037 1498,4119"/>
        <Baseline points="1498,4119 2177,4102 3744,4106"/>
        <TextEquiv>
          <Unicode>Geſchichtlich iſt es, iſt ein Vorwurf keineswegs.</Unicode>
        </TextEquiv>
      </TextLine>

      
      
      <TextLine id="eSc_line_ea625093" custom="structure {type:default;}">
        <Coords points="1488,4273 1488,4311 1566,4297 1672,4311 1727,4314 1730,4314 1733,4314 1737,4314 1744,4307 1781,4283 1918,4300 1921,4300 2082,4270 2170,4290 2174,4290 2177,4290 2181,4290 2184,4290 2201,4273 2249,4290 2252,4290 2256,4290 2365,4270 2392,4290 2396,4290 2399,4290 2402,4290 2648,4270 2699,4293 2706,4293 2710,4293 2713,4293 2781,4290 3112,4270 3150,4283 3157,4287 3160,4287 3164,4287 3167,4287 3174,4283 3201,4273 3222,4283 3283,4314 3287,4314 3290,4317 3389,4317 3389,4314 3392,4314 3396,4314 3433,4290 3655,4314 3659,4314 3662,4314 3781,4273 3781,4266 3778,4167 3587,4150 3584,4150 3580,4150 3546,4167 3498,4194 3447,4194 3413,4171 3386,4150 3382,4150 3379,4150 3208,4150 3205,4150 3201,4150 3153,4174 3119,4191 3031,4174 2942,4160 2938,4160 2850,4177 2785,4191 2754,4181 2686,4150 2682,4150 2563,4150 2560,4150 2556,4150 2553,4150 2505,4181 2498,4188 2488,4184 2426,4157 2423,4157 2420,4157 2416,4157 2413,4157 2413,4160 2392,4177 2307,4160 2304,4160 2300,4160 2235,4188 2218,4191 2198,4188 2109,4167 2106,4167 2102,4167 2037,4188 2030,4191 2027,4188 1955,4150 1952,4150 1832,4150 1829,4150 1826,4150 1720,4194 1484,4194 1488,4273"/>
        <Baseline points="1488,4273 2508,4246 3781,4266"/>
        <TextEquiv>
          <Unicode>Raubſchiffend ruderte Menelas von Bucht zu Bucht,</Unicode>
        </TextEquiv>
      </TextLine>

      
      
      <TextLine id="eSc_line_e2bd8d77" custom="structure {type:default;}">
        <Coords points="1501,4433 1501,4478 1699,4474 1703,4474 1795,4444 1942,4471 1979,4474 1983,4474 1986,4474 1989,4474 1989,4471 1996,4468 2020,4444 2061,4468 2071,4471 2075,4471 2078,4471 2082,4471 2085,4471 2092,4468 2123,4447 2167,4464 2187,4471 2191,4471 2194,4471 2198,4471 2201,4471 2208,4464 2242,4440 2379,4461 2447,4468 2450,4468 2498,4457 2597,4433 2764,4450 2836,4457 2839,4457 2843,4457 2860,4447 2897,4427 3153,4427 3211,4440 3266,4454 3269,4454 3273,4454 3471,4440 3474,4440 3478,4440 3478,4437 3481,4433 3495,4423 3536,4433 3628,4454 3631,4454 3635,4454 3638,4454 3672,4433 3672,4410 3669,4345 3553,4345 3471,4300 3467,4300 3464,4300 3461,4300 3317,4348 3314,4348 3307,4348 3188,4331 3184,4331 3181,4331 3116,4348 3061,4345 3024,4311 3024,4307 3020,4307 3017,4307 3013,4307 2880,4324 2856,4307 2853,4307 2850,4307 2846,4307 2703,4328 2580,4311 2577,4311 2573,4311 2443,4352 2314,4314 2310,4314 2307,4314 2249,4317 2245,4317 2242,4317 2167,4365 1863,4365 1829,4338 1826,4338 1822,4338 1819,4338 1815,4338 1716,4369 1662,4324 1658,4324 1655,4324 1566,4324 1563,4324 1559,4324 1556,4324 1498,4365 1501,4433"/>
        <Baseline points="1501,4433 2727,4406 3672,4410"/>
        <TextEquiv>
          <Unicode>Geſtad’ und Inſeln, alles ſtreift er feindlich an,</Unicode>
        </TextEquiv>
      </TextLine>

      
      
      <TextLine id="eSc_line_e4d8f718" custom="structure {type:default;}">
        <Coords points="1477,4587 1477,4614 1634,4625 1638,4625 1641,4625 1665,4614 1686,4608 1703,4614 1737,4628 1740,4628 1744,4628 1747,4628 1751,4628 1764,4614 1768,4611 1778,4614 1843,4635 1846,4635 1850,4635 1853,4635 1911,4614 1931,4608 2054,4608 2065,4611 2126,4642 2129,4642 2133,4642 2136,4642 2205,4611 2211,4608 2222,4611 2280,4642 2283,4642 2286,4645 2471,4645 2471,4642 2474,4642 2522,4621 2986,4642 2990,4642 2993,4642 3072,4608 3075,4608 3218,4625 3222,4625 3317,4604 3324,4604 3331,4604 3423,4638 3426,4638 3430,4638 3433,4638 3512,4604 3515,4604 3747,4604 3747,4573 3741,4495 3652,4509 3614,4495 3556,4471 3553,4471 3549,4471 3546,4471 3543,4471 3512,4495 3495,4512 3263,4512 3246,4498 3218,4474 3218,4471 3215,4471 3211,4471 3208,4471 3205,4471 3109,4495 3041,4471 3037,4471 3034,4471 3031,4471 3027,4471 2979,4502 2962,4512 2938,4502 2918,4495 2914,4495 2911,4495 2853,4502 2788,4512 2775,4505 2744,4481 2740,4481 2737,4481 2734,4481 2730,4481 2658,4505 2648,4509 2641,4505 2577,4471 2573,4471 2283,4471 2280,4471 2276,4471 2273,4471 2218,4509 2211,4515 2109,4515 2102,4512 1989,4471 1986,4471 1983,4471 1890,4488 1798,4471 1795,4471 1792,4471 1788,4471 1733,4515 1669,4515 1628,4478 1624,4478 1621,4478 1617,4478 1614,4478 1474,4515 1477,4587"/>
        <Baseline points="1477,4587 2242,4567 3747,4573"/>
        <TextEquiv>
          <Unicode>Mit Beute wiederkehrend, wie ſie drinnen ſtarrt.</Unicode>
        </TextEquiv>
      </TextLine>

      
    </TextRegion>
    

    
  </Page>
</PcGts>
