4096 6144
1162 901 3240 1116 Durch Weiberkünſte, ſchwer zu kennen,
1172 1075 3425 1300 Verſtehen ſie vom Seyn den Schein zu trennen,
1162 1269 3138 1489 Und jeder ſchwört er ſey das Seyn.?
2138 1272 2329 1351 das
1757 1433 2409 1655 /: Pauſe :/
1662 1645 2054 1839 Fauſt.
1129 1802 3208 1983 Den Waſſerfräulein müſſen unſre Raben
1105 1966 3215 2181 Recht aus dem Grund geſchmeichelt haben,
1071 2146 2969 2324 Dort fängt es ſchon zu rieſeln an.
1099 2297 3297 2478 An mancher trocknen, kahlen Felſenſtelle
1126 2457 3102 2658 Entwickelt ſich die volle raſche Quelle,
1122 2635 2785 2816 Um jener Sieg iſt es gethan.
1075 2959 3037 3136 Das iſt ein wunderbarer Gruß,
1737 2816 2235 2993 Mephiſt.
1099 3099 3297 3280 Die kühnſten Kletterer ſind confuß.
1699 3230 2140 3466 Fauſt.
1109 3413 3505 3604 Schon rauſcht Ein Bach zu Bächen mächtig nieder,
1064 3577 3375 3758 Aus Schluchten kehren ſie gedoppelt wieder,
1085 3706 3379 3927 Ein Strom nun wirft den Bogenſtrahl,
1064 3886 3015 4090 Auf einmal legt er ſich in breite
2467 3850 3056 4003 flache Felſen
1085 4034 3486 4270 Und rauſcht und ſchäumt, nach der und jener Seite,
1075 4239 3304 4420 Und ſtufenweiſe wirft er ſich ins Thal.
1078 4413 3437 4611 Was hilft ein tapfres heldenmäßiges Stem̄en?
1044 4567 3445 4817 Die mächtige Woge kom̄t ſie wegzuſchwem̄en.
2208 4532 2488 4645 ſtrömt
1058 4758 3464 4959 Mir ſchaudert ſelbſt vor ſolchem wilden Schwall.
1034 4976 3164 5191 Ich ſehe nichts von dieſen Waſſerlügen,
1710 4915 2078 5099 Meph.
1061 5150 3355 5300 Nur Menſchen Augen laſſen ſich betrügen
1059 5237 3102 5473 Und mich ergötzt der wunderliche Fall.
