4096 6144
471 843 2706 1041 Ulyſſen auch! ſagt’ ich ihm nicht voraus
518 1003 2938 1177 Der Circe Liſten, des Cyclopen Graus?
508 1160 3048 1358 Das Zaudern ſein, der Seinen leichten Sinn,
532 1334 3102 1518 Und was nicht alles! bracht ihm das Gewinn?
518 1508 2921 1706 Bis vielgeſchaukelt ihn, doch ſpät genug,
484 1665 2976 1894 Der Woge Gunſt an gaſtlich Ufer trug.
1459 1863 1930 2088 Thales.
518 2054 3174 2245 Dem weiſen Mann giebt ſolch Betragen Quaal,
508 2211 2908 2443 Der Gute doch verſucht es noch einmal.
552 2380 3235 2631 Ein Quentchen Danks wird, hoch ihn zu vergnügen,
549 2573 3075 2771 Die Centner Undanks völlig überwiegen.
552 2734 3148 2974 Denn nichts Geringes haben wir zu flehn:
542 2913 3189 3143 Der Knabe da wünſcht weislich zu entſtehn.
1464 3128 2001 3317 Nereus.
597 3293 3078 3498 Verderbt mir nicht den ſeltenſten Humor!
600 3478 2952 3693 Ganz andres ſteht mir heute noch bevor.
590 3642 2911 3853 Die Töchter hab’ ich alle herbeſchieden,
578 3809 2984 4019 Die Grazien des Meers, die Nereiden.
2385 3747 2856 3891 Doriden
609 3957 3102 4183 Nicht der Olymp, nicht euer Boden trägt
638 4150 3140 4365 Ein ſchön Gebild das ſich ſo zierlich tregt.
619 4316 3107 4520 Sie werfen ſich, anmuthigſter Gebärde,
604 4485 3179 4715 Vom Waſſerdrachen auf Neptunus Pferde,
599 4689 3036 4884 Dem Element aufs zarteſte vereint,
573 4853 3230 5109 Daß ſelbſt der Schaum ſie noch zu heben ſcheint.
3034 641 3205 812 28
