<?xml version="1.0" encoding="UTF-8"  standalone="yes"?>
<PcGts xmlns="http://schema.primaresearch.org/PAGE/gts/pagecontent/2019-07-15" xmlns:xsi="http://www.w3.org/2001/XMLSchema-instance" xsi:schemaLocation="http://schema.primaresearch.org/PAGE/gts/pagecontent/2019-07-15 http://schema.primaresearch.org/PAGE/gts/pagecontent/2019-07-15/pagecontent.xsd">
  <Metadata>
	<Creator>escriptorium</Creator>
	<Created>2023-07-08T12:30:05.832550+00:00</Created>
        <LastChange>2023-07-08T12:30:05.832565+00:00</LastChange>

  </Metadata>
  <Page imageFilename="391098_0190_0.jpg" imageWidth="4096" imageHeight="6144">

    
    <TextRegion id="eSc_textblock_846c2064"  custom="structure {type:text;}">
      <Coords points="1280,764 3437,778 3628,819 3723,942 3764,1092 3723,1457 3860,1665 3805,2112 3915,2512 3846,2676 3874,3054 3764,3249 3696,3659 3737,4010 3833,4177 3805,4352 3887,4819 3792,5116 1174,5184 1105,4464 1174,4297 1201,873 1280,764"/>
      
      
      <TextLine id="eSc_line_92a886ac" custom="structure {type:default;}">
        <Coords points="1221,839 1225,907 1225,925 1266,945 1269,945 1273,945 1276,945 1280,945 1307,925 1344,925 1501,925 1505,925 1546,945 1549,945 1553,945 1556,945 1604,928 1607,925 1614,928 1716,979 1720,979 1723,979 1972,976 1976,976 1979,976 2024,935 2123,928 2228,921 2515,925 2519,928 2573,972 2577,972 2580,972 2583,976 2816,976 2816,972 2819,972 2897,931 2918,921 3068,931 3140,935 3143,935 3147,935 3157,931 3198,914 3215,931 3256,965 3256,969 3259,969 3263,969 3266,972 3334,972 3334,969 3338,969 3406,931 3413,928 3426,931 3491,955 3495,955 3498,955 3502,955 3584,931 3584,894 3577,836 3164,836 3160,832 3112,795 3109,795 3106,795 3102,795 3099,795 3000,822 2921,795 2918,795 2914,795 2911,795 2908,795 2860,832 2853,836 2703,832 2672,832 2631,802 2628,802 2624,802 2621,802 2618,802 2519,832 2505,836 2498,832 2450,795 2447,795 2443,795 2440,795 2355,798 2351,798 2348,798 2300,832 2286,843 2146,843 2116,829 2010,798 2007,798 2003,798 1785,829 1737,836 1716,829 1645,802 1641,802 1638,802 1634,802 1553,829 1549,832 1454,832 1450,829 1419,802 1416,802 1413,802 1283,802 1280,802 1276,802 1235,819 1221,839"/>
        <Baseline points="1225,907 3584,894"/>
        <TextEquiv>
          <Unicode>Seit alten Jahren konnt’ ich göttlich ruhn,</Unicode>
        </TextEquiv>
      </TextLine>

      
      
      <TextLine id="eSc_line_3d809f57" custom="structure {type:default;}">
        <Coords points="1228,1061 1225,1088 1297,1140 1300,1140 1303,1140 1307,1143 1423,1143 1423,1140 1426,1140 1430,1140 1501,1092 1802,1095 1853,1140 1856,1140 1860,1140 1863,1143 2003,1143 2003,1140 2007,1140 2146,1088 2153,1088 2164,1092 2232,1105 2235,1105 2372,1092 2423,1088 2437,1092 2488,1116 2491,1116 2495,1116 2614,1095 2635,1092 2641,1095 2717,1143 2720,1143 2723,1143 2727,1143 2730,1143 2836,1099 2870,1112 2874,1112 2877,1112 2880,1112 2928,1099 2955,1092 3007,1092 3020,1099 3078,1143 3082,1143 3085,1143 3089,1146 3266,1146 3266,1143 3269,1143 3273,1143 3304,1119 3420,1143 3423,1143 3426,1143 3515,1105 3529,1099 3546,1105 3635,1136 3638,1136 3642,1136 3645,1136 3713,1105 3717,1068 3703,983 3679,1000 3652,983 3635,976 3631,976 3529,976 3525,976 3467,986 3348,1006 3259,986 3208,976 3205,976 3201,976 3198,976 3181,986 3147,1010 3007,1010 2973,989 2945,976 2942,976 2938,976 2870,989 2836,996 2798,989 2730,976 2727,976 2723,976 2696,989 2662,1010 2542,1010 2512,993 2474,972 2471,972 2467,972 2464,972 2461,972 2430,993 2420,1000 2409,993 2389,979 2385,979 2382,979 2379,979 2375,979 2372,979 2351,993 2334,1006 2228,1006 2184,993 2088,972 2085,972 2082,972 1996,996 1966,1003 1921,996 1815,979 1812,979 1809,979 1805,979 1781,996 1771,1006 1682,1006 1672,1000 1631,972 1628,972 1624,972 1621,972 1617,972 1536,1000 1532,1000 1512,979 1508,979 1505,979 1501,979 1498,979 1495,979 1467,996 1355,972 1351,972 1348,972 1344,972 1300,1000 1293,1003 1228,1003 1228,1061"/>
        <Baseline points="1228,1061 3717,1068"/>
        <TextEquiv>
          <Unicode>Doch trieb mich’s an den Beſten wohlzuthun;</Unicode>
        </TextEquiv>
      </TextLine>

      
      
      <TextLine id="eSc_line_eedac055" custom="structure {type:default;}">
        <Coords points="1245,1225 1245,1252 1358,1252 1365,1252 1413,1290 1416,1290 1419,1290 1423,1293 1594,1293 1594,1290 1597,1290 1600,1290 1638,1256 1720,1252 1757,1252 1764,1252 1897,1290 1901,1290 1904,1290 1908,1290 1911,1290 1955,1252 1959,1252 2095,1252 2187,1290 2191,1290 2194,1293 2314,1293 2314,1290 2317,1290 2416,1252 2505,1286 2508,1286 2512,1286 2771,1249 2788,1249 2853,1249 2983,1252 3044,1286 3048,1286 3051,1290 3130,1290 3130,1286 3133,1286 3136,1286 3174,1259 3351,1286 3355,1286 3358,1286 3362,1286 3416,1249 3502,1273 3505,1273 3508,1273 3713,1245 3717,1218 3710,1163 3590,1136 3587,1136 3584,1136 3502,1160 3389,1136 3386,1136 3191,1160 3174,1163 3048,1163 3044,1160 3024,1140 3020,1140 3017,1140 3013,1140 3010,1140 3007,1140 2983,1160 2829,1160 2536,1160 2536,1157 2512,1136 2508,1136 2505,1136 2501,1136 2498,1136 2461,1157 2443,1167 2372,1167 2355,1157 2331,1140 2327,1140 2324,1140 2321,1140 2317,1140 2252,1157 2218,1163 2177,1157 2092,1140 2088,1140 1996,1153 1945,1163 1901,1153 1836,1140 1512,1140 1508,1140 1505,1140 1501,1140 1484,1153 1467,1163 1433,1153 1392,1140 1389,1140 1385,1140 1242,1150 1245,1225"/>
        <Baseline points="1245,1225 3717,1218"/>
        <TextEquiv>
          <Unicode>Und ſchaut’ ich dann zuletzt vollbrachte Thaten,</Unicode>
        </TextEquiv>
      </TextLine>

      
      
      <TextLine id="eSc_line_83f74b57" custom="structure {type:default;}">
        <Coords points="1235,1399 1235,1433 1583,1433 1587,1433 1710,1481 1713,1481 1716,1484 2017,1484 2017,1481 2020,1481 2024,1481 2102,1430 2106,1430 2174,1430 2273,1477 2276,1477 2280,1481 2344,1481 2344,1477 2348,1477 2351,1477 2406,1440 2546,1477 2549,1477 2553,1481 2713,1481 2713,1477 2717,1477 2720,1477 2764,1447 2829,1474 2833,1474 2836,1474 2839,1474 2911,1447 2945,1474 2949,1474 2952,1474 2955,1477 3031,1477 3031,1474 3034,1474 3167,1430 3235,1474 3239,1474 3242,1474 3246,1477 3324,1477 3324,1474 3328,1474 3331,1474 3403,1423 3601,1419 3601,1389 3594,1341 3461,1341 3389,1307 3386,1307 3382,1307 3379,1307 3375,1307 3328,1341 3078,1341 3037,1303 3034,1303 3031,1303 2969,1303 2966,1303 2962,1303 2959,1303 2911,1341 2802,1341 2754,1314 2751,1314 2747,1314 2744,1314 2740,1314 2717,1331 2693,1310 2693,1307 2689,1307 2686,1307 2443,1307 2440,1307 2437,1307 2433,1307 2433,1310 2399,1338 2286,1307 2283,1307 2280,1307 2276,1307 2273,1307 2222,1344 1887,1344 1812,1310 1809,1310 1805,1310 1802,1310 1798,1310 1757,1341 1703,1327 1699,1327 1696,1327 1491,1344 1423,1310 1419,1310 1280,1310 1276,1310 1273,1310 1269,1310 1232,1338 1235,1399"/>
        <Baseline points="1235,1399 3601,1389"/>
        <TextEquiv>
          <Unicode>So war es ganz als hätt’ ich nicht gerathen.</Unicode>
        </TextEquiv>
      </TextLine>

      
      
      <TextLine id="eSc_line_8456b7bc" custom="structure {type:default;}">
        <Coords points="2112,1576 2112,1665 2174,1665 2174,1662 2177,1662 2181,1662 2181,1658 2187,1652 2218,1628 2304,1638 2423,1652 2426,1652 2430,1652 2529,1607 2529,1559 2515,1460 2430,1488 2106,1488 2112,1576"/>
        <Baseline points="2112,1576 2529,1559"/>
        <TextEquiv>
          <Unicode>Thales.</Unicode>
        </TextEquiv>
      </TextLine>

      
      
      <TextLine id="eSc_line_7d70ab88" custom="structure {type:default;}">
        <Coords points="1259,1744 1256,1768 1290,1788 1293,1788 1297,1788 1300,1788 1460,1768 1495,1764 1512,1768 1645,1812 1648,1812 1652,1815 1989,1815 1989,1812 1993,1812 2126,1778 2187,1764 2720,1778 2730,1788 2761,1815 2764,1815 2768,1815 2771,1815 2935,1792 3034,1778 3072,1795 3092,1802 3095,1802 3099,1802 3133,1795 3215,1778 3300,1788 3304,1788 3307,1788 3310,1788 3348,1768 3519,1768 3573,1788 3577,1788 3580,1788 3686,1768 3812,1805 3822,1751 3819,1686 3710,1665 3706,1665 3703,1665 3659,1686 3645,1693 3440,1693 3413,1686 3362,1665 3358,1665 3355,1665 3177,1682 3140,1665 3136,1665 3133,1665 3020,1686 2966,1696 2614,1696 2525,1686 2300,1662 2297,1662 2085,1686 2034,1689 2020,1686 1969,1662 1966,1662 1962,1662 1959,1662 1897,1686 1880,1693 1781,1693 1774,1686 1754,1669 1751,1669 1747,1669 1744,1669 1665,1686 1655,1686 1628,1665 1624,1665 1621,1665 1617,1665 1529,1682 1324,1662 1320,1662 1317,1662 1259,1682 1259,1744"/>
        <Baseline points="1259,1744 3822,1751"/>
        <TextEquiv>
          <Unicode>Und doch, o Greis des Meers, vertraut man dir,</Unicode>
        </TextEquiv>
      </TextLine>

      
      
      <TextLine id="eSc_line_1b393b47" custom="structure {type:default;}">
        <Coords points="1215,1911 1215,1935 1413,1931 1423,1938 1460,1969 1464,1969 1467,1969 1471,1972 1563,1972 1563,1969 1566,1969 1628,1938 1641,1931 1928,1931 1935,1935 1955,1952 1955,1955 1959,1955 1962,1955 1966,1955 1969,1955 2003,1945 2030,1969 2034,1969 2037,1969 2041,1972 2126,1972 2126,1969 2129,1969 2133,1969 2187,1935 2228,1966 2232,1966 2235,1966 2239,1966 2242,1966 2283,1952 2341,1969 2344,1969 2348,1969 2351,1969 2392,1949 2420,1969 2423,1969 2426,1969 2430,1969 2433,1969 2573,1931 2597,1928 2713,1931 2751,1931 2850,1966 2853,1966 2856,1966 3037,1935 3058,1952 3061,1952 3065,1952 3068,1952 3177,1942 3211,1966 3215,1966 3218,1966 3222,1969 3368,1969 3368,1966 3372,1966 3375,1966 3406,1942 3512,1959 3515,1959 3672,1925 3676,1904 3662,1805 3570,1850 3423,1822 3420,1822 3297,1850 3020,1829 3017,1829 3013,1829 3010,1829 2983,1853 2894,1853 2833,1822 2829,1822 2826,1822 2822,1822 2764,1853 2641,1853 2607,1826 2604,1822 2600,1822 2597,1822 2594,1822 2590,1822 2587,1822 2587,1826 2583,1826 2560,1850 2484,1850 2443,1829 2420,1812 2416,1812 2413,1812 2409,1812 2406,1812 2344,1829 2331,1832 2317,1829 2235,1812 2232,1812 2228,1812 2225,1812 2205,1832 2201,1832 2198,1832 2051,1812 2048,1812 2044,1812 2041,1812 2010,1836 1983,1856 1839,1856 1812,1839 1761,1812 1757,1812 1505,1812 1501,1812 1498,1812 1460,1829 1324,1812 1320,1812 1317,1812 1314,1812 1269,1850 1269,1853 1211,1853 1215,1911"/>
        <Baseline points="1215,1911 3676,1904"/>
        <TextEquiv>
          <Unicode>Du biſt der Weiſe, treib’ uns nicht von hier!</Unicode>
        </TextEquiv>
      </TextLine>

      
      
      <TextLine id="eSc_line_d89b8925" custom="structure {type:default;}">
        <Coords points="1228,2082 1228,2126 1262,2153 1266,2153 1269,2153 1273,2157 1331,2157 1331,2153 1334,2153 1338,2153 1382,2116 1396,2106 1631,2106 1645,2112 1693,2153 1696,2153 1699,2153 1703,2157 1826,2157 1826,2153 1829,2153 1955,2109 1979,2102 2044,2109 2146,2119 2150,2119 2153,2119 2198,2106 2215,2102 2222,2106 2249,2129 2252,2129 2256,2129 2259,2129 2263,2129 2314,2106 2321,2102 2396,2102 2402,2106 2461,2146 2464,2146 2467,2146 2471,2150 2672,2150 2672,2146 2676,2146 2737,2126 2761,2146 2764,2146 2768,2146 2771,2150 2908,2150 2908,2146 2911,2146 2914,2146 2973,2099 3000,2099 3003,2099 3078,2143 3082,2143 3085,2143 3089,2143 3092,2143 3095,2143 3130,2116 3211,2143 3215,2143 3218,2143 3222,2143 3307,2102 3416,2119 3420,2119 3638,2088 3638,2068 3631,2017 3239,2017 3007,1976 3003,1976 3000,1976 2996,1976 2942,2020 2863,2020 2689,1976 2686,1976 2682,1976 2679,1976 2621,2020 2396,2020 2385,2020 2314,1993 2310,1993 2307,1993 2304,1993 2300,1993 2273,2010 2146,2010 2112,1979 2109,1979 2106,1979 1832,1979 1829,1979 1826,1979 1822,1979 1822,1983 1802,2000 1675,1983 1672,1983 1669,1983 1546,2024 1443,1983 1440,1983 1283,1983 1280,1983 1276,1983 1273,1983 1225,2017 1228,2082"/>
        <Baseline points="1228,2082 3638,2068"/>
        <TextEquiv>
          <Unicode>Schau dieſe Flam̄e, menſchenähnlich zwar,</Unicode>
        </TextEquiv>
      </TextLine>

      
      
      <TextLine id="eSc_line_bb0f2137" custom="structure {type:default;}">
        <Coords points="1239,2245 1239,2269 1368,2290 1372,2290 1375,2290 1378,2290 1409,2269 1416,2266 1488,2269 1778,2280 1781,2280 1938,2263 1976,2259 1983,2263 2054,2314 2058,2314 2061,2314 2065,2317 2167,2317 2167,2314 2170,2314 2174,2314 2225,2280 2321,2314 2324,2314 2327,2314 2426,2300 2430,2300 2433,2300 2505,2256 2686,2310 2689,2310 2693,2310 2932,2307 2935,2307 3017,2263 3085,2304 3089,2304 3092,2304 3095,2307 3150,2307 3150,2304 3153,2304 3276,2249 3416,2304 3420,2304 3423,2304 3426,2304 3614,2249 3645,2263 3648,2263 3652,2263 3792,2239 3792,2222 3785,2177 3502,2157 3457,2126 3454,2126 3450,2126 3447,2126 3444,2126 3440,2126 3365,2177 3362,2181 3058,2181 2983,2181 2867,2133 2863,2133 2860,2133 2856,2133 2853,2133 2788,2181 2679,2140 2676,2140 2672,2140 2669,2140 2573,2181 2563,2187 2327,2187 2321,2181 2245,2146 2242,2146 2239,2146 2235,2146 2194,2164 2160,2140 2157,2140 2153,2140 2034,2140 2030,2140 2027,2140 1870,2184 1867,2187 1730,2187 1720,2184 1607,2143 1604,2143 1600,2143 1307,2146 1303,2146 1235,2181 1239,2245"/>
        <Baseline points="1239,2245 3792,2222"/>
        <TextEquiv>
          <Unicode>Sieh deinem Rath ergiebt ſich ganz und gar.</Unicode>
        </TextEquiv>
      </TextLine>

      
      
      <TextLine id="eSc_line_27b2b4d6" custom="structure {type:default;}">
        <Coords points="2082,2423 2082,2440 2621,2430 2621,2413 2611,2341 2375,2365 2341,2348 2293,2327 2290,2327 2112,2324 2109,2324 2106,2324 2102,2324 2102,2327 2078,2348 2082,2423"/>
        <Baseline points="2082,2423 2621,2413"/>
        <TextEquiv>
          <Unicode>Nereus.</Unicode>
        </TextEquiv>
      </TextLine>

      
      
      <TextLine id="eSc_line_f034ed24" custom="structure {type:default;}">
        <Coords points="3870,2457 3737,2432 3732,2432 3727,2432 3722,2432 3691,2462 3537,2467 3420,2467 3415,2467 3353,2437 3348,2437 3343,2437 3338,2437 3235,2467 3112,2432 3107,2432 3102,2432 3097,2432 3020,2472 3015,2472 2785,2437 2780,2437 2775,2437 2688,2472 2611,2442 2606,2442 2600,2442 2595,2442 2452,2478 2017,2447 2012,2447 2007,2447 2001,2447 1955,2483 1858,2452 1853,2452 1848,2452 1843,2452 1838,2452 1781,2493 1674,2493 1623,2452 1617,2452 1612,2452 1607,2452 1602,2452 1597,2452 1551,2488 1510,2457 1505,2457 1500,2457 1387,2457 1382,2457 1377,2457 1228,2498 1233,2575 1233,2606 1433,2647 1438,2647 1443,2647 1448,2647 1500,2611 1505,2611 1530,2611 1592,2611 1638,2652 1638,2657 1643,2657 1648,2657 1653,2657 1658,2657 1781,2621 1817,2652 1817,2657 1822,2657 1827,2657 1832,2662 1945,2662 1945,2657 1950,2657 1955,2657 2007,2611 2022,2600 2196,2616 2575,2647 2580,2647 2585,2647 2590,2647 2626,2616 2657,2595 2769,2590 2938,2621 3066,2641 3072,2641 3077,2641 3082,2641 3112,2621 3118,2616 3153,2621 3256,2636 3261,2636 3266,2636 3271,2636 3271,2631 3287,2621 3322,2585 3399,2621 3430,2636 3435,2636 3440,2636 3537,2631 3543,2631 3548,2631 3558,2626 3630,2580 3793,2580 3875,2626 3891,2554 3886,2544 3891,2450"/>
        <Baseline points="1239,2577 3732,2542 3893,2555"/>
        <TextEquiv>
          <Unicode>Was Rath! Hat Rath beym Menſchen je gegolten?</Unicode>
        </TextEquiv>
      </TextLine>

      
      
      <TextLine id="eSc_line_62fa3b8e" custom="structure {type:default;}">
        <Coords points="1228,2727 1228,2751 1385,2771 1389,2771 1484,2751 1532,2775 1536,2775 1539,2775 1655,2757 1693,2775 1696,2775 1699,2775 1856,2747 1860,2747 1863,2747 1949,2778 1952,2778 1955,2778 1959,2778 2088,2744 2095,2744 2102,2744 2181,2775 2184,2775 2187,2778 2351,2778 2351,2775 2355,2775 2358,2775 2409,2744 2508,2764 2512,2764 2515,2764 2519,2764 2549,2740 2560,2740 2645,2757 2648,2757 2652,2757 2696,2740 2740,2764 2744,2764 2867,2771 2870,2771 3037,2737 3048,2737 3058,2737 3242,2761 3246,2761 3249,2761 3252,2761 3287,2734 3293,2734 3351,2734 3362,2734 3467,2764 3471,2764 3474,2764 3478,2764 3570,2734 3573,2734 3693,2734 3696,2706 3689,2655 3461,2618 3457,2618 3454,2618 3399,2641 3351,2621 3348,2621 3345,2621 3341,2621 3269,2655 3266,2658 3263,2655 3218,2628 3215,2628 3211,2628 3208,2628 3205,2628 3119,2658 3112,2658 3109,2658 2993,2621 2990,2621 2986,2621 2983,2621 2914,2658 2911,2662 2764,2662 2761,2658 2717,2638 2713,2638 2710,2638 2556,2662 2546,2662 2542,2662 2461,2624 2457,2624 2454,2624 2450,2624 2382,2662 2375,2665 2344,2662 2044,2628 2041,2628 2037,2628 1894,2665 1880,2669 1873,2665 1839,2648 1836,2648 1832,2648 1829,2648 1764,2665 1757,2669 1757,2665 1716,2635 1713,2635 1710,2635 1631,2631 1628,2631 1566,2635 1563,2635 1559,2635 1518,2669 1515,2672 1512,2669 1443,2635 1440,2635 1437,2635 1225,2669 1228,2727"/>
        <Baseline points="1228,2727 3696,2706"/>
        <TextEquiv>
          <Unicode>Ein kluges Wort erſtarrt im harten Ohr.</Unicode>
        </TextEquiv>
      </TextLine>

      
      
      <TextLine id="eSc_line_c6a1ec07" custom="structure {type:default;}">
        <Coords points="1235,2901 1235,2921 1372,2925 1426,2966 1430,2966 1433,2966 1437,2966 1440,2966 1443,2966 1498,2921 1505,2918 1720,2918 1727,2921 1751,2942 1754,2942 1757,2942 1904,2962 1908,2962 1911,2962 1986,2921 1993,2914 2000,2921 2051,2962 2054,2962 2058,2962 2061,2966 2269,2966 2269,2962 2273,2962 2276,2962 2334,2918 2344,2911 2355,2918 2399,2942 2402,2942 2406,2942 2409,2942 2498,2918 2505,2918 2706,2918 2710,2918 2775,2959 2778,2959 2781,2959 2785,2959 2897,2955 2901,2955 2904,2955 2969,2914 2979,2908 2990,2914 3044,2955 3048,2955 3051,2955 3054,2959 3252,2959 3252,2955 3256,2955 3259,2955 3317,2918 3420,2952 3423,2952 3426,2952 3430,2952 3433,2952 3488,2914 3505,2904 3788,2911 3795,2874 3792,2819 3601,2768 3597,2768 3481,2768 3478,2768 3474,2768 3382,2816 3372,2822 3293,2822 3283,2816 3246,2788 3242,2788 3239,2788 3235,2788 3232,2788 3174,2802 3136,2771 3133,2771 3130,2771 3044,2771 3041,2771 3037,2771 2962,2812 2945,2822 2839,2822 2699,2812 2590,2802 2587,2802 2583,2802 2580,2802 2570,2809 2546,2822 2501,2809 2450,2795 2447,2795 2443,2795 2440,2795 2402,2805 2362,2775 2358,2775 2355,2775 2304,2775 2300,2775 2297,2775 2293,2775 2293,2778 2256,2809 2235,2826 2129,2809 2126,2809 2123,2809 2078,2826 2054,2805 2027,2785 2024,2785 2020,2785 1969,2781 1966,2781 1863,2805 1764,2833 1689,2833 1641,2805 1607,2781 1604,2781 1600,2781 1518,2781 1515,2781 1512,2781 1508,2781 1484,2802 1280,2781 1276,2781 1273,2781 1232,2795 1235,2901"/>
        <Baseline points="1235,2901 1696,2884 3795,2874"/>
        <TextEquiv>
          <Unicode>So oft auch That ſich grimmig ſelbſt geſcholten,</Unicode>
        </TextEquiv>
      </TextLine>

      
      
      <TextLine id="eSc_line_e2d08982" custom="structure {type:default;}">
        <Coords points="1239,3058 1239,3075 1307,3099 1310,3099 1314,3099 1317,3099 1320,3099 1351,3075 1361,3075 1464,3095 1467,3095 1628,3075 1641,3075 1710,3119 1713,3119 1716,3119 1720,3119 1860,3112 1863,3112 1959,3075 1962,3075 2140,3075 2321,3075 2375,3119 2379,3119 2382,3119 2385,3123 2488,3123 2488,3119 2491,3119 2577,3085 2682,3119 2686,3119 2689,3119 2693,3119 2798,3075 2938,3119 2942,3119 2945,3123 3116,3123 3116,3119 3280,3082 3328,3119 3331,3119 3334,3119 3338,3123 3471,3123 3471,3119 3474,3119 3570,3075 3734,3092 3737,3092 3822,3072 3822,3048 3819,2993 3170,2993 2976,2966 2973,2966 2969,2966 2928,2986 2880,2949 2877,2949 2874,2949 2870,2949 2867,2949 2761,2986 2638,2949 2635,2949 2631,2949 2628,2949 2546,2990 2447,2949 2443,2949 2276,2949 2273,2949 2269,2949 2194,2973 2143,2949 2140,2949 2136,2949 2133,2949 2129,2949 2085,2986 2034,2952 2030,2952 2027,2952 2024,2952 2020,2952 2017,2952 1962,2990 1921,2962 1918,2962 1914,2962 1911,2962 1908,2962 1860,2983 1792,2949 1788,2949 1785,2949 1781,2949 1710,2979 1658,2959 1655,2959 1358,2949 1355,2949 1351,2949 1348,2949 1300,2990 1235,2993 1239,3058"/>
        <Baseline points="1239,3058 2048,3044 3822,3048"/>
        <TextEquiv>
          <Unicode>Bleibt doch das Volk ſelbſtwillig wie zuvor.</Unicode>
        </TextEquiv>
      </TextLine>

      
      
      <TextLine id="eSc_line_4d28b8b9" custom="structure {type:default;}">
        <Coords points="1245,3215 1245,3293 1338,3290 1341,3290 1344,3290 1392,3246 1457,3290 1460,3290 1464,3290 1467,3293 1559,3293 1559,3290 1563,3290 1566,3290 1641,3239 1710,3287 1713,3290 1716,3290 1720,3290 1723,3293 1942,3293 1942,3290 1945,3290 1949,3290 1955,3283 2027,3235 2580,3235 2641,3273 2662,3287 2665,3287 2669,3287 2672,3290 2897,3290 2897,3287 2901,3287 2904,3287 2932,3266 2979,3235 3184,3235 3239,3263 3242,3263 3246,3263 3249,3263 3252,3263 3256,3263 3331,3235 3413,3259 3450,3269 3454,3269 3457,3269 3532,3256 3536,3208 3525,3136 2979,3150 2904,3140 2720,3116 2717,3116 2713,3116 2710,3116 2672,3143 2662,3150 2614,3150 2607,3143 2566,3112 2563,3112 2560,3112 2556,3112 2553,3112 2549,3112 2508,3147 2498,3153 2372,3153 2351,3147 2290,3123 2286,3123 2283,3123 2280,3123 2215,3150 2205,3153 2191,3150 2119,3116 2116,3116 2027,3116 2024,3116 2020,3116 2017,3116 1966,3150 1873,3116 1870,3116 1867,3116 1863,3116 1829,3133 1809,3116 1805,3116 1802,3116 1406,3116 1402,3116 1399,3116 1317,3157 1242,3157 1245,3215"/>
        <Baseline points="1245,3215 3536,3208"/>
        <TextEquiv>
          <Unicode>Wie hab’ ich Paris väterlich gewarnt,</Unicode>
        </TextEquiv>
      </TextLine>

      
      
      <TextLine id="eSc_line_1ca2c5b1" custom="structure {type:default;}">
        <Coords points="1235,3382 1235,3461 1423,3457 1426,3457 1433,3454 1542,3409 1617,3450 1628,3454 1631,3454 1634,3457 1774,3457 1774,3454 1778,3454 1781,3454 1795,3444 1832,3413 1901,3406 2013,3430 2017,3430 2020,3430 2085,3399 2198,3399 2252,3426 2293,3447 2297,3447 2300,3447 2304,3447 2355,3423 2385,3409 2467,3416 2471,3416 2474,3416 2478,3416 2515,3392 2658,3413 2665,3413 2669,3413 2676,3413 2785,3389 2877,3406 2938,3416 2942,3416 3037,3399 3119,3386 3136,3396 3188,3437 3191,3437 3194,3437 3198,3440 3304,3440 3304,3437 3307,3437 3389,3392 3713,3375 3713,3355 3703,3290 3181,3307 3164,3297 3126,3269 3123,3269 3119,3269 3116,3269 3112,3269 3078,3287 3054,3266 3051,3266 3048,3266 2959,3266 2955,3266 2952,3266 2949,3266 2904,3300 2891,3310 2843,3300 2771,3290 2768,3290 2764,3290 2761,3290 2747,3304 2737,3310 2727,3304 2693,3287 2689,3287 2686,3287 2682,3287 2679,3287 2658,3304 2648,3314 2580,3314 2566,3307 2474,3269 2471,3269 2467,3269 2423,3273 2420,3273 2416,3273 2375,3310 2365,3321 2191,3321 2177,3310 2123,3276 2119,3276 2116,3276 2020,3276 2017,3276 1949,3287 1945,3287 1942,3287 1908,3317 1901,3321 1880,3317 1795,3300 1792,3300 1788,3300 1737,3317 1733,3321 1727,3317 1645,3280 1641,3280 1549,3280 1546,3280 1344,3283 1341,3283 1232,3321 1235,3382"/>
        <Baseline points="1235,3382 3713,3355"/>
        <TextEquiv>
          <Unicode>Eh’ ſein Gelüſt ein fremdes Weib umgarnt.</Unicode>
        </TextEquiv>
      </TextLine>

      
      
      <TextLine id="eSc_line_700afd40" custom="structure {type:default;}">
        <Coords points="1225,3560 1225,3584 1276,3584 1344,3628 1348,3628 1351,3628 1355,3631 1498,3631 1498,3628 1501,3628 1594,3580 1822,3624 1826,3624 2065,3577 2181,3618 2184,3618 2187,3618 2191,3618 2321,3577 2362,3594 2365,3594 2368,3594 2430,3584 2491,3614 2495,3614 2498,3614 2501,3614 2583,3570 2771,3566 2836,3566 2839,3566 3031,3611 3034,3611 3133,3607 3136,3607 3211,3570 3266,3607 3269,3607 3273,3607 3276,3611 3338,3611 3338,3607 3341,3607 3430,3560 3437,3560 3638,3560 3642,3532 3631,3437 3488,3467 3389,3440 3372,3437 3368,3437 3365,3437 3310,3444 3201,3457 3143,3447 3099,3440 3095,3440 3092,3440 3061,3450 2973,3478 2880,3478 2850,3454 2843,3447 2839,3447 2836,3447 2833,3447 2829,3447 2802,3454 2740,3474 2720,3457 2706,3447 2703,3447 2699,3447 2638,3447 2635,3447 2631,3447 2594,3461 2546,3481 2440,3481 2402,3464 2365,3450 2362,3450 2358,3450 2355,3450 2351,3450 2334,3467 2314,3485 2273,3485 2232,3467 2184,3454 2181,3454 2177,3454 2174,3454 2140,3471 2112,3485 2061,3474 1972,3454 1969,3454 1966,3454 1887,3474 1853,3454 1850,3454 1846,3454 1843,3454 1839,3454 1785,3481 1764,3491 1508,3491 1481,3488 1341,3461 1338,3461 1334,3461 1221,3491 1225,3560"/>
        <Baseline points="1225,3560 3642,3532"/>
        <TextEquiv>
          <Unicode>Am griechiſchen Ufer ſtand er kühnlich da,</Unicode>
        </TextEquiv>
      </TextLine>

      
      
      <TextLine id="eSc_line_1399bfd8" custom="structure {type:default;}">
        <Coords points="1256,3730 1256,3809 1348,3805 1351,3805 1355,3805 1426,3758 1737,3781 1740,3781 1744,3781 1747,3781 1781,3754 1867,3754 1931,3792 1945,3802 1949,3802 1952,3802 1955,3805 2048,3805 2048,3802 2051,3802 2054,3802 2054,3799 2068,3788 2109,3751 2304,3751 2358,3781 2382,3799 2385,3799 2389,3799 2392,3802 2437,3802 2437,3799 2440,3799 2443,3799 2467,3778 2512,3747 2628,3747 2658,3775 2679,3792 2679,3795 2682,3795 2686,3795 2689,3799 2781,3799 2781,3795 2785,3795 2829,3771 2870,3747 2935,3768 2962,3775 2966,3775 2969,3775 3017,3764 3037,3761 3041,3764 3075,3792 3078,3792 3082,3792 3085,3795 3188,3795 3188,3792 3191,3792 3239,3768 3259,3788 3259,3792 3263,3792 3266,3792 3269,3795 3338,3795 3338,3792 3341,3792 3430,3754 3433,3754 3515,3754 3519,3713 3515,3662 3409,3618 3406,3618 3351,3618 3348,3618 3345,3618 3341,3618 3273,3659 3266,3659 3102,3621 3099,3621 3095,3621 3092,3621 3044,3655 3031,3665 2908,3665 2867,3652 2761,3628 2757,3628 2754,3628 2751,3628 2723,3652 2710,3665 2607,3665 2549,3648 2542,3648 2539,3648 2536,3648 2532,3648 2525,3648 2461,3665 2440,3648 2430,3638 2426,3638 2423,3638 2420,3638 2416,3638 2396,3648 2355,3669 2181,3669 2146,3645 2143,3645 2140,3645 2136,3645 2133,3645 2075,3662 2030,3642 1996,3628 1993,3628 1989,3628 1986,3628 1955,3642 1945,3645 1928,3642 1887,3631 1884,3631 1880,3631 1877,3631 1856,3642 1802,3665 1737,3638 1710,3628 1706,3628 1703,3628 1652,3638 1498,3672 1406,3635 1396,3631 1392,3631 1389,3631 1252,3631 1256,3730"/>
        <Baseline points="1256,3730 3519,3713"/>
        <TextEquiv>
          <Unicode>Ihm kündet ich’ was ich im Geiſte ſah:</Unicode>
        </TextEquiv>
      </TextLine>

      
      
      <TextLine id="eSc_line_7475c8d3" custom="structure {type:default;}">
        <Coords points="1221,3911 1221,3938 1378,3952 1382,3952 1385,3952 1433,3935 1471,3925 1488,3935 1529,3966 1532,3966 1536,3966 1539,3969 1628,3969 1628,3966 1631,3966 1696,3932 1713,3925 1733,3932 1826,3962 1829,3962 1832,3966 1925,3966 1925,3962 1928,3962 1931,3962 1976,3928 1986,3918 2061,3915 2140,3925 2184,3932 2187,3932 2317,3921 2396,3918 2402,3921 2454,3949 2457,3949 2461,3949 2464,3949 2467,3949 2467,3945 2488,3925 2539,3918 2614,3911 2624,3918 2672,3956 2676,3956 2679,3956 2682,3959 2788,3959 2788,3956 2792,3956 2795,3956 2836,3918 3092,3911 3324,3904 3331,3908 3382,3949 3386,3949 3389,3949 3392,3952 3543,3952 3543,3949 3546,3949 3665,3901 3665,3891 3662,3829 3638,3809 3638,3805 3635,3805 3631,3805 3628,3805 3624,3805 3584,3819 3481,3785 3478,3785 3355,3785 3351,3785 3348,3785 3249,3836 3020,3836 2918,3788 2914,3788 2911,3788 2908,3788 2904,3788 2839,3840 2761,3840 2696,3792 2693,3792 2689,3792 2686,3792 2682,3792 2590,3836 2532,3792 2529,3792 2525,3792 2457,3792 2454,3792 2450,3792 2327,3840 2194,3799 2191,3799 2187,3799 2184,3799 2088,3840 1989,3843 1976,3843 1972,3843 1815,3799 1812,3799 1809,3799 1805,3799 1713,3826 1631,3799 1628,3799 1624,3799 1621,3799 1512,3846 1508,3846 1368,3802 1365,3802 1361,3802 1358,3802 1355,3802 1297,3846 1297,3850 1218,3850 1221,3911"/>
        <Baseline points="1221,3911 2423,3887 3665,3891"/>
        <TextEquiv>
          <Unicode>Die Lüfte qualmend, überſtrömend Roth,</Unicode>
        </TextEquiv>
      </TextLine>

      
      
      <TextLine id="eSc_line_dce8c25a" custom="structure {type:default;}">
        <Coords points="1239,4072 1239,4130 1454,4092 1621,4119 1662,4126 1665,4126 1785,4123 1788,4123 1792,4123 1798,4116 1843,4082 1887,4113 1894,4119 1897,4119 1901,4119 1904,4123 1996,4123 1996,4119 2000,4119 2044,4109 2150,4082 2194,4106 2211,4113 2215,4113 2218,4113 2222,4113 2225,4113 2235,4102 2273,4072 2351,4096 2355,4096 2358,4096 2658,4065 2717,4082 2720,4082 2723,4082 2877,4065 2914,4082 2918,4082 2921,4082 3024,4058 3065,4082 3092,4096 3095,4096 3099,4096 3102,4096 3160,4078 3242,4055 3413,4072 3525,4082 3529,4082 3597,4065 3597,4034 3587,3969 3447,3976 3437,3969 3403,3942 3399,3942 3396,3942 3392,3942 3389,3942 3345,3962 3239,3945 3235,3945 3232,3945 3174,3976 3157,3986 3065,3986 3054,3979 3031,3959 3027,3959 3024,3959 3020,3959 3017,3959 3013,3959 2990,3979 2983,3986 2856,3986 2833,3983 2713,3959 2710,3959 2706,3959 2703,3959 2672,3986 2665,3993 2563,3993 2556,3990 2484,3959 2481,3959 2478,3959 2228,3962 2225,3962 2153,3990 1925,3966 1921,3966 1918,3966 1914,3966 1873,4003 1870,4007 1798,4007 1798,4003 1757,3969 1754,3969 1751,3969 1665,3969 1662,3969 1658,3969 1576,4007 1508,3973 1505,3973 1501,3973 1498,3973 1430,4010 1341,3976 1338,3976 1334,3976 1331,3976 1235,4010 1239,4072"/>
        <Baseline points="1239,4072 3597,4034"/>
        <TextEquiv>
          <Unicode>Gebälke glüchend, unten Mord und Tod:</Unicode>
        </TextEquiv>
      </TextLine>

      
      
      <TextLine id="eSc_line_15cdc5d5" custom="structure {type:default;}">
        <Coords points="1225,4235 1225,4263 1406,4263 1413,4263 1437,4283 1440,4283 1443,4283 1447,4283 1539,4263 1549,4263 1604,4307 1607,4307 1611,4307 1614,4311 1716,4311 1716,4307 1720,4307 1723,4307 1781,4263 1785,4263 1792,4263 1938,4304 1942,4304 1945,4304 1949,4304 2058,4263 2075,4259 2266,4259 2283,4263 2389,4304 2392,4304 2396,4304 2546,4287 2952,4300 2955,4300 2959,4300 3048,4270 3095,4300 3099,4300 3102,4300 3106,4300 3222,4297 3225,4297 3229,4297 3269,4263 3287,4253 3642,4253 3659,4263 3679,4280 3682,4280 3686,4280 3689,4280 3758,4263 3761,4222 3758,4164 3693,4130 3689,4130 3686,4130 3682,4130 3607,4160 3467,4130 3464,4130 3461,4130 3368,4160 3276,4130 3273,4130 3269,4130 3095,4133 3092,4133 3089,4133 3051,4164 3048,4164 2986,4133 2983,4133 2897,4133 2894,4133 2891,4133 2887,4133 2853,4160 2850,4167 2778,4167 2771,4160 2723,4133 2720,4133 2717,4133 2563,4133 2560,4133 2556,4133 2498,4160 2484,4171 2276,4171 2263,4160 2235,4140 2232,4140 2228,4140 2225,4140 2078,4160 2020,4167 1897,4160 1781,4154 1778,4154 1723,4160 1641,4171 1624,4160 1597,4140 1594,4140 1590,4140 1587,4140 1583,4140 1536,4160 1525,4164 1515,4160 1484,4143 1481,4143 1477,4143 1474,4143 1471,4143 1450,4160 1437,4171 1409,4160 1358,4140 1355,4140 1351,4140 1221,4157 1225,4235"/>
        <Baseline points="1225,4235 3761,4222"/>
        <TextEquiv>
          <Unicode>Troja’s Gerichtstag, rhythmiſch feſtgebannt,</Unicode>
        </TextEquiv>
      </TextLine>

      
      
      <TextLine id="eSc_line_901b5c14" custom="structure {type:default;}">
        <Coords points="1235,4396 1235,4478 1375,4474 1378,4474 1382,4474 1430,4430 1532,4416 1614,4468 1621,4471 1624,4471 1628,4471 1631,4474 1686,4474 1686,4471 1689,4471 1693,4471 1699,4464 1751,4420 1832,4413 2030,4413 2126,4447 2143,4454 2146,4454 2150,4454 2153,4454 2167,4447 2177,4440 2184,4447 2205,4464 2208,4464 2211,4464 2215,4468 2324,4468 2324,4464 2327,4464 2375,4440 2437,4406 2495,4437 2542,4461 2546,4461 2549,4464 2658,4464 2658,4461 2662,4461 2730,4427 2775,4403 2816,4423 2877,4457 2880,4457 2884,4461 3020,4461 3020,4457 3024,4457 3112,4413 3143,4399 3205,4410 3225,4413 3229,4413 3269,4410 3358,4396 3382,4403 3406,4413 3409,4413 3413,4413 3481,4399 3508,4396 3519,4399 3570,4423 3573,4423 3577,4423 3580,4423 3584,4423 3624,4396 3624,4369 3618,4317 3536,4297 3532,4297 3529,4297 3525,4297 3505,4317 3362,4317 3355,4317 3355,4314 3273,4273 3269,4273 3266,4273 3263,4273 3184,4314 3177,4317 3160,4314 2945,4280 2942,4280 2938,4280 2935,4280 2894,4307 2768,4297 2764,4297 2761,4297 2723,4314 2686,4283 2682,4283 2679,4283 2590,4280 2587,4280 2583,4280 2580,4280 2542,4314 2529,4328 2481,4328 2461,4314 2402,4283 2399,4283 2396,4283 2392,4283 2324,4314 2290,4328 2013,4324 1983,4314 1887,4287 1884,4287 1839,4287 1836,4287 1832,4287 1829,4287 1798,4314 1771,4338 1669,4338 1638,4314 1621,4297 1617,4297 1614,4297 1611,4297 1607,4297 1604,4297 1580,4314 1549,4334 1515,4314 1488,4293 1484,4293 1481,4293 1477,4293 1232,4311 1235,4396"/>
        <Baseline points="1235,4396 3624,4369"/>
        <TextEquiv>
          <Unicode>Jahrtauſendenſo ſchrecklich als gekannt.</Unicode>
        </TextEquiv>
      </TextLine>

      
      
      <TextLine id="eSc_line_cc8e1125" custom="structure {type:default;}">
        <Coords points="1174,4549 1174,4570 1338,4611 1341,4611 1344,4611 1430,4584 1580,4601 1583,4601 1587,4601 1638,4573 1798,4573 1880,4597 1884,4597 1887,4597 2126,4577 2498,4580 2542,4611 2546,4611 2549,4611 2553,4614 2703,4614 2703,4611 2706,4611 2754,4590 2781,4611 2785,4611 2788,4611 2792,4614 2962,4614 2962,4611 2966,4611 3041,4573 3317,4573 3392,4611 3396,4611 3399,4614 3508,4614 3508,4611 3512,4611 3515,4611 3556,4577 3624,4590 3628,4590 3795,4570 3795,4549 3795,4488 3744,4471 3741,4471 3737,4471 3734,4471 3686,4488 3590,4454 3587,4454 3584,4454 3474,4457 3471,4457 3467,4457 3423,4491 3331,4491 3263,4454 3259,4454 3256,4454 3252,4454 3249,4454 3198,4491 3143,4491 3089,4454 3085,4454 3082,4454 3078,4454 2826,4488 2781,4454 2778,4454 2775,4454 2580,4454 2577,4454 2573,4454 2570,4454 2519,4491 2348,4491 2310,4464 2307,4464 2304,4464 2300,4464 2297,4464 2225,4481 1993,4454 1989,4454 1737,4488 1679,4457 1675,4457 1672,4457 1430,4481 1375,4454 1372,4454 1368,4454 1365,4454 1361,4454 1317,4491 1174,4491 1174,4549"/>
        <Baseline points="1174,4549 3795,4549"/>
        <TextEquiv>
          <Unicode>Des Alten Wort dem Frechen ſchien’s ein Spiel,</Unicode>
        </TextEquiv>
      </TextLine>

      
      
      <TextLine id="eSc_line_3104befb" custom="structure {type:default;}">
        <Coords points="1225,4717 1225,4795 1392,4795 1392,4792 1396,4792 1399,4792 1440,4771 1549,4788 1583,4792 1587,4792 1590,4792 1604,4788 1710,4741 1802,4782 1805,4782 1809,4782 1812,4782 1815,4782 1870,4747 2235,4741 2297,4775 2321,4792 2324,4792 2327,4792 2331,4792 2334,4792 2379,4775 2464,4741 2621,4751 2658,4768 2703,4792 2706,4792 2710,4795 2812,4795 2812,4792 2816,4792 2867,4765 2918,4741 3003,4744 3037,4765 3095,4792 3099,4792 3102,4792 3106,4792 3188,4761 3242,4741 3399,4741 3454,4758 3543,4785 3546,4785 3549,4785 3553,4785 3556,4785 3597,4758 3597,4717 3597,4659 3403,4648 3368,4618 3365,4618 3362,4618 3290,4618 3287,4618 3283,4618 3280,4618 3232,4655 3109,4638 3106,4638 3102,4638 3037,4655 3034,4655 2959,4618 2955,4618 2665,4618 2662,4618 2658,4618 2556,4645 2519,4621 2515,4621 2512,4621 2508,4621 2505,4621 2433,4638 2317,4618 2314,4618 2310,4618 2307,4618 2252,4652 2245,4659 1839,4659 1826,4652 1737,4625 1733,4625 1730,4625 1624,4638 1597,4618 1594,4618 1590,4618 1587,4618 1426,4652 1419,4652 1416,4652 1338,4618 1334,4618 1331,4618 1327,4618 1225,4648 1225,4717"/>
        <Baseline points="1225,4717 3597,4717"/>
        <TextEquiv>
          <Unicode>Er folgte ſeiner Luſt und Ilion fiel –</Unicode>
        </TextEquiv>
      </TextLine>

      
      
      <TextLine id="eSc_line_ab5fd951" custom="structure {type:default;}">
        <Coords points="1208,4898 1208,4986 1317,4986 1317,4983 1320,4983 1327,4980 1426,4925 1597,4973 1628,4980 1631,4980 1634,4980 1638,4980 1665,4969 1795,4918 1993,4918 2024,4935 2027,4935 2030,4935 2034,4935 2249,4915 2314,4949 2362,4973 2365,4973 2368,4973 2372,4973 2375,4973 2420,4945 2461,4922 2542,4935 2546,4935 2696,4911 2737,4935 2792,4969 2795,4969 2798,4969 2802,4973 2853,4973 2853,4969 3020,4949 3041,4966 3044,4966 3048,4966 3051,4966 3246,4962 3249,4962 3375,4915 3403,4904 3420,4911 3488,4952 3491,4952 3495,4952 3498,4952 3580,4908 3594,4901 3642,4904 3747,4918 3751,4918 3846,4898 3850,4870 3840,4799 3652,4823 3611,4802 3570,4782 3566,4782 3563,4782 3560,4782 3556,4782 3529,4802 3498,4826 3218,4826 3181,4809 3150,4795 3147,4795 3143,4795 3140,4795 3136,4795 3112,4812 3089,4826 3034,4812 3031,4812 3027,4812 3024,4812 3010,4812 2911,4829 2891,4816 2867,4799 2863,4799 2860,4799 2856,4799 2853,4799 2850,4799 2819,4816 2788,4836 2614,4836 2590,4823 2529,4788 2525,4788 2522,4788 2519,4788 2433,4826 2402,4836 2150,4833 2146,4829 2088,4795 2085,4795 2082,4795 2078,4795 1710,4799 1706,4799 1703,4799 1679,4816 1532,4799 1529,4799 1525,4799 1522,4799 1481,4833 1334,4802 1331,4802 1327,4802 1324,4802 1259,4846 1204,4846 1208,4898"/>
        <Baseline points="1208,4898 3850,4870"/>
        <TextEquiv>
          <Unicode>Ein Rieſenleichnam, ſtarr nach langer Quaal,</Unicode>
        </TextEquiv>
      </TextLine>

      
      
      <TextLine id="eSc_line_3568d7c6" custom="structure {type:default;}">
        <Coords points="1194,5089 1194,5140 1286,5130 1303,5143 1327,5160 1331,5160 1334,5160 1338,5164 1594,5164 1594,5160 1597,5160 1658,5133 1713,5109 1908,5123 1911,5123 2024,5106 2146,5113 2157,5123 2177,5140 2181,5140 2184,5140 2187,5140 2191,5140 2239,5120 2252,5113 2263,5120 2310,5150 2314,5150 2317,5150 2321,5154 2457,5154 2457,5150 2461,5150 2464,5150 2505,5113 2594,5140 2597,5140 2600,5140 2604,5140 2607,5140 2652,5109 2672,5099 2785,5106 2897,5113 2901,5113 2952,5102 2996,5092 3054,5099 3157,5113 3160,5113 3252,5096 3269,5092 3276,5092 3365,5133 3368,5133 3505,5137 3508,5137 3590,5133 3594,5133 3597,5133 3635,5106 3693,5123 3696,5123 3700,5123 3703,5123 3706,5123 3768,5085 3768,5055 3758,4993 3573,4997 3560,4993 3478,4969 3474,4969 3471,4969 3345,4997 3328,5003 3143,5003 3133,5000 3082,4973 3078,4973 2986,4969 2983,4969 2979,4969 2846,5003 2833,5007 2805,5007 2665,4993 2662,4993 2658,4993 2624,5007 2618,5014 2348,5014 2338,5014 2235,4983 2232,4983 1959,4983 1955,4983 1952,4983 1846,5021 1843,5021 1839,5021 1798,4993 1795,4993 1792,4993 1788,4993 1785,4993 1744,5017 1710,4986 1706,4986 1703,4986 1699,4986 1440,5010 1331,4993 1327,4993 1324,4993 1320,4993 1269,5027 1266,5031 1191,5031 1194,5089"/>
        <Baseline points="1194,5089 3768,5055"/>
        <TextEquiv>
          <Unicode>Des Pindus Adlern gar willkom̄nes Mahl.</Unicode>
        </TextEquiv>
      </TextLine>

      
    </TextRegion>
    

    
  </Page>
</PcGts>
