4096 6144
1477 921 3570 1112 Er trug uns auf, als eiligſtes Geſchäfte,
1464 1044 3962 1285 Bey dir zu ſtehn. Groß ſind des Berges Krafte;
1457 1232 3590 1416 Da wirkt Natur ſo übermächtig frey,
1443 1368 3679 1634 Der Pfaffen Stum̄ſinn ſchilt es Zauberey.
2129 1549 2573 1730 Kaiſer.
1397 1658 3947 1892 Am Freudentag wenn wir den Gäſtebegrüſſen,
2969 1628 3112 1751 die
1406 1863 3799 2010 Der heiter kom̄t zum heiterſten genießen,
1397 1966 3947 2186 Da freut uns jeder wie er ſchiebt und drängt,
1443 2157 3979 2321 Und, Mann für Mann, der Säle Raum verengt.
1413 2273 3906 2513 Doch höchſt willkom̄en muß der Biedre ſeyn,
1428 2447 3799 2621 Tritt er als Beyſtand kräftig zu uns ein,
1440 2618 3840 2781 Zur Morgenſtunde, die bedenklich waltet,
1447 2764 3863 2945 Weil über ihr des Schickſals Wage ſchaltet.
1399 2925 3758 3112 Doch lenket hier, im hohen Augenblick,
1389 3089 3976 3280 Die ſtarke Hand vom willigen Schwerdt zurück
1408 3230 3988 3450 Ehrt den Moment, wo manche tauſend ſchreiten,
1413 3394 3553 3584 Für oder wider mich, zu ſtreiten.
1396 3549 3976 3744 Da trat ich auf: Wer Thron und Kron begehrt
1418 3676 3660 3921 Perſönlich ſey er ſolcher Ehren werth.
1406 3874 3904 4037 Sey das Geſpenſt, das gegen uns erſtanden
1408 4003 3998 4234 Sich Kaiſer nennt und Herr von unſern Landen,
1402 4208 3969 4403 Des Heeres Herzog, Lehnsherr unſrer Großen,
1406 4382 3918 4570 Mit eigner Fauſt in’s Todtenreich geſtoßen.
2095 4543 2474 4737 Fauſt.
1396 4717 3700 4881 Wie es auch ſey das Große zu vollenden,
1378 4853 3942 5041 Du thuſt nicht wohl dein Haupt ſo zu verpfänden.
1399 4993 3901 5205 Iſt nicht der Helm mit Kam̄ und Buſch geſchmückt,
1372 5143 3553 5355 Er ſchützt das Haupt das unſern Muth entzückt.
