<?xml version="1.0" encoding="UTF-8"  standalone="yes"?>
<PcGts xmlns="http://schema.primaresearch.org/PAGE/gts/pagecontent/2019-07-15" xmlns:xsi="http://www.w3.org/2001/XMLSchema-instance" xsi:schemaLocation="http://schema.primaresearch.org/PAGE/gts/pagecontent/2019-07-15 http://schema.primaresearch.org/PAGE/gts/pagecontent/2019-07-15/pagecontent.xsd">
  <Metadata>
	<Creator>escriptorium</Creator>
	<Created>2023-07-08T12:30:02.788872+00:00</Created>
        <LastChange>2023-07-08T12:30:02.788885+00:00</LastChange>

  </Metadata>
  <Page imageFilename="391098_0064_0.jpg" imageWidth="4096" imageHeight="6144">

    
    <TextRegion id="eSc_textblock_f65de3e6"  custom="structure {type:text;}">
      <Coords points="2044,628 3123,655 3437,846 3396,1498 3450,1935 3536,2102 3710,2184 3710,2276 3573,2348 3614,2945 3874,3208 3860,3341 3710,3481 3778,3942 3669,4191 3669,4420 3601,4461 2962,4488 2839,4543 2713,4696 2590,5089 2416,4911 2413,4556 2235,4502 1761,4502 1611,887 1652,832 1785,819 1897,641 2044,628"/>
      
      
      <TextLine id="eSc_line_a6664c5e" custom="structure {type:default;}">
        <Coords points="2802,645 2768,645 2734,645 2699,641 2635,682 2529,682 2481,645 2478,645 2474,645 2471,645 2317,682 2310,682 2307,682 2242,645 2239,645 1989,645 1986,645 1983,645 1880,679 1884,744 1884,805 1979,829 1983,832 2515,832 2515,829 2519,829 2563,805 2648,822 2652,822 2751,802 2757,802 2764,802 2836,822 2839,822 2843,822 2846,822 2925,802 2949,822 2949,826 2952,826 2955,826 2959,829 3013,829 3013,826 3017,826 3020,826 3020,822 3044,802 3150,802 3153,737 3147,682 2986,682 2952,658 2949,658 2945,658 2942,658 2853,672 2822,645 2802,645"/>
        <Baseline points="1884,744 3153,737"/>
        <TextEquiv>
          <Unicode>Wechſelgeſchrey der Menge.</Unicode>
        </TextEquiv>
      </TextLine>

      
      
      <TextLine id="eSc_line_353225af" custom="structure {type:default;}">
        <Coords points="1631,955 1631,983 1675,986 1710,1020 1710,1024 1713,1024 1716,1024 1720,1024 1723,1024 1778,1000 1853,1020 1856,1020 1860,1020 1863,1020 1942,986 1955,976 2126,976 2136,986 2164,1010 2164,1013 2167,1013 2170,1013 2174,1017 2273,1017 2273,1013 2276,1013 2280,1013 2280,1010 2307,986 2317,976 2437,969 2556,986 2587,989 2590,989 2618,986 2727,965 2795,986 2836,1000 2839,1000 2843,1003 2911,1003 2911,1000 2914,1000 2918,1000 2932,986 2945,976 2959,986 2966,993 2966,996 2969,996 2973,996 2976,996 3235,993 3239,993 3242,993 3249,986 3280,962 3406,986 3409,918 3399,836 3259,843 3256,843 3252,843 3229,866 3119,866 3099,846 3095,843 3095,839 3092,839 3089,839 3085,839 3082,839 3048,846 2996,860 2983,849 2969,839 2966,839 2962,839 2959,839 2955,839 2952,839 2938,853 2911,873 2645,873 2635,863 2628,860 2628,856 2624,856 2621,856 2618,856 2614,856 2594,863 2566,877 2546,866 2508,843 2505,843 2501,843 2498,843 2317,846 2314,846 2310,846 2269,877 2256,884 2191,884 2187,880 2160,853 2160,849 2157,849 2153,849 2150,849 2044,853 2041,853 1901,890 1897,890 1894,890 1795,856 1792,856 1788,856 1785,856 1781,856 1781,860 1761,877 1696,860 1693,860 1689,860 1686,860 1682,860 1628,890 1631,955"/>
        <Baseline points="1631,955 3409,918"/>
        <TextEquiv>
          <Unicode>Seht hier o hin! wies reichlich quillt</Unicode>
        </TextEquiv>
      </TextLine>

      
      
      <TextLine id="eSc_line_692bb31a" custom="structure {type:default;}">
        <Coords points="3409,1034 3409,1017 3065,983 3061,983 3058,983 3054,983 3054,986 3020,1017 2836,1000 2833,1000 2829,1000 2785,1020 2751,989 2751,986 2747,986 2744,986 2740,986 2638,989 2635,989 2631,989 2594,1020 2556,989 2553,989 2549,989 2546,989 2467,993 2464,993 2461,993 2420,1020 2266,1006 2263,1006 2259,1006 2256,1006 2228,1030 2170,1003 2167,1003 2164,1003 2071,1017 1966,1000 1962,1000 1959,1000 1846,1037 1737,1010 1733,1010 1730,1010 1727,1010 1723,1010 1689,1041 1631,1041 1634,1102 1634,1122 1856,1122 1867,1126 1918,1157 1921,1157 1925,1157 1928,1160 2037,1160 2037,1157 2041,1157 2116,1126 2140,1119 2170,1126 2249,1150 2252,1150 2256,1150 2259,1150 2307,1129 2327,1119 2344,1129 2379,1150 2382,1150 2385,1150 2389,1150 2392,1150 2396,1150 2420,1129 2426,1122 2457,1129 2505,1140 2508,1140 2512,1140 2515,1140 2525,1129 2553,1112 2669,1112 2710,1129 2744,1143 2747,1143 2751,1143 2829,1133 2901,1119 2918,1133 2932,1143 2935,1143 2938,1143 2942,1143 3010,1133 3106,1116 3177,1129 3181,1129 3184,1129 3188,1129 3188,1126 3191,1126 3198,1116 3222,1133 3225,1136 3229,1136 3232,1136 3235,1136 3416,1133 3416,1075 3413,1061 3409,1034"/>
        <Baseline points="1634,1102 3416,1075"/>
        <TextEquiv>
          <Unicode>Die Kiſte bis zum Rande füllt. –</Unicode>
        </TextEquiv>
      </TextLine>

      
      
      <TextLine id="eSc_line_0ac821e2" custom="structure {type:default;}">
        <Coords points="1658,1245 1662,1327 1730,1310 1761,1324 1764,1324 1768,1324 1771,1324 1774,1324 1822,1286 1877,1317 1887,1324 1890,1324 1894,1324 1897,1324 1901,1324 1911,1317 1952,1290 2051,1310 2106,1320 2109,1320 2112,1320 2150,1307 2225,1276 2368,1276 2385,1293 2406,1310 2406,1314 2409,1314 2413,1314 2416,1317 2515,1317 2515,1314 2519,1314 2522,1314 2522,1310 2549,1286 2563,1269 2600,1269 2628,1283 2676,1307 2679,1307 2730,1310 2734,1310 2737,1310 2740,1310 2792,1276 2798,1269 2805,1276 2853,1307 2856,1307 2860,1307 2863,1310 2969,1310 2969,1307 2973,1307 3058,1262 3061,1259 3167,1256 3167,1218 3164,1157 3044,1122 3041,1122 3037,1122 3034,1122 2969,1157 2966,1160 2863,1160 2860,1157 2802,1126 2798,1126 2795,1126 2792,1126 2788,1126 2761,1143 2597,1129 2594,1129 2590,1129 2519,1160 2512,1163 2501,1160 2416,1143 2413,1143 2409,1143 2344,1163 2341,1163 2307,1143 2304,1143 2300,1143 2297,1143 2174,1163 2170,1163 2034,1140 2030,1140 2027,1140 1972,1163 1897,1143 1894,1143 1890,1143 1887,1143 1884,1143 1850,1167 1832,1181 1771,1181 1754,1170 1720,1146 1716,1146 1713,1146 1710,1146 1706,1146 1655,1163 1658,1245"/>
        <Baseline points="1658,1245 3167,1218"/>
        <TextEquiv>
          <Unicode>Gefäße goldne ſchmelzen ſich,</Unicode>
        </TextEquiv>
      </TextLine>

      
      
      <TextLine id="eSc_line_f36bc7e8" custom="structure {type:default;}">
        <Coords points="1655,1392 1658,1464 1802,1423 1884,1457 1887,1457 1890,1457 1894,1457 1969,1454 1972,1454 1976,1454 2027,1413 2102,1440 2106,1440 2109,1440 2112,1440 2167,1413 2464,1416 2467,1416 2471,1416 2515,1399 2594,1430 2621,1440 2624,1440 2628,1440 2768,1437 2771,1437 2775,1437 2775,1433 2785,1423 2809,1399 2846,1419 2863,1433 2867,1433 2870,1433 2874,1433 2928,1430 2932,1430 2935,1430 2935,1426 2945,1416 2973,1389 3246,1399 3249,1399 3252,1399 3256,1399 3273,1382 3321,1402 3328,1351 3324,1303 3249,1280 3246,1280 3242,1280 3239,1280 3235,1280 3235,1283 3208,1307 3123,1307 3119,1307 3044,1276 3041,1276 3037,1276 3034,1276 3031,1276 2976,1310 2973,1314 2856,1314 2853,1314 2764,1283 2761,1283 2757,1283 2754,1283 2751,1283 2710,1317 2706,1317 2624,1300 2621,1300 2618,1300 2546,1320 2505,1293 2501,1293 2498,1293 2495,1293 2338,1310 2205,1297 2201,1297 2095,1300 2092,1300 2088,1300 2044,1334 2041,1338 1870,1338 1805,1338 1716,1314 1713,1314 1710,1314 1706,1314 1652,1338 1655,1392"/>
        <Baseline points="1655,1392 3328,1351"/>
        <TextEquiv>
          <Unicode>Gemünzte Rollen wälzen ſich. –</Unicode>
        </TextEquiv>
      </TextLine>

      
      
      <TextLine id="eSc_line_eb40833d" custom="structure {type:default;}">
        <Coords points="1665,1542 1665,1573 1925,1573 2051,1604 2054,1604 2058,1604 2126,1600 2129,1600 2133,1600 2170,1570 2263,1590 2266,1590 2269,1590 2273,1590 2314,1556 2321,1553 2355,1556 2549,1570 2553,1570 2556,1570 2560,1570 2590,1549 2590,1546 2594,1549 2641,1587 2645,1587 2648,1587 2652,1590 2710,1590 2710,1587 2826,1583 2829,1583 2833,1583 2897,1542 2901,1539 2901,1542 2962,1580 2966,1580 2969,1580 2973,1580 3075,1566 3078,1566 3082,1566 3082,1563 3109,1536 3112,1532 3116,1536 3164,1556 3167,1556 3170,1556 3174,1556 3235,1532 3235,1501 3225,1426 3092,1454 3017,1440 3013,1440 2833,1460 2805,1443 2792,1433 2788,1433 2785,1433 2781,1433 2778,1433 2775,1433 2775,1437 2764,1443 2744,1460 2645,1450 2618,1447 2614,1447 2611,1447 2600,1450 2563,1467 2536,1454 2512,1440 2508,1440 2348,1437 2344,1437 2341,1437 2338,1437 2338,1440 2314,1464 2304,1474 2273,1464 2187,1440 2184,1440 2181,1440 2177,1440 2174,1440 2174,1443 2143,1471 2133,1481 2048,1481 1996,1477 1792,1450 1788,1450 1785,1450 1662,1484 1665,1542"/>
        <Baseline points="1665,1542 3235,1501"/>
        <TextEquiv>
          <Unicode>Dukaten hüpfen wie geprägt,</Unicode>
        </TextEquiv>
      </TextLine>

      
      
      <TextLine id="eSc_line_4b1b5129" custom="structure {type:default;}">
        <Coords points="1665,1689 1665,1716 1781,1727 1785,1727 1788,1727 1812,1713 1822,1710 1839,1713 1921,1730 1925,1730 1928,1730 1996,1710 2020,1703 2078,1706 2222,1716 2225,1716 2228,1716 2232,1716 2232,1713 2245,1703 2252,1696 2266,1699 2314,1716 2317,1716 2321,1716 2409,1696 2447,1689 2488,1696 2590,1710 2594,1710 2597,1710 2600,1710 2624,1689 2631,1686 2679,1686 2686,1689 2723,1716 2727,1716 2730,1716 2734,1716 2918,1686 3065,1710 3068,1710 3269,1675 3341,1693 3345,1693 3348,1693 3351,1693 3355,1693 3386,1672 3386,1652 3379,1594 3208,1573 3205,1573 3130,1587 3109,1570 3106,1570 3102,1570 3099,1570 3095,1570 3003,1600 2952,1566 2949,1566 2945,1566 2942,1566 2757,1570 2662,1576 2658,1576 2597,1611 2542,1576 2539,1576 2536,1576 2457,1576 2454,1576 2450,1576 2447,1576 2447,1580 2443,1580 2433,1594 2334,1583 2331,1583 2327,1583 2324,1583 2286,1617 2245,1600 2242,1600 2239,1600 2235,1600 2232,1600 2232,1604 2215,1621 2030,1621 2007,1600 2007,1597 2003,1597 2000,1597 1996,1597 1993,1597 1989,1597 1952,1628 1846,1628 1812,1597 1812,1594 1809,1594 1805,1594 1710,1594 1706,1594 1703,1594 1699,1594 1662,1621 1665,1689"/>
        <Baseline points="1665,1689 3386,1652"/>
        <TextEquiv>
          <Unicode>O wie mir das den Buſen regt –</Unicode>
        </TextEquiv>
      </TextLine>

      
      
      <TextLine id="eSc_line_4117004b" custom="structure {type:default;}">
        <Coords points="1686,1829 1686,1853 1733,1877 1737,1877 1740,1877 1744,1877 1788,1860 1836,1884 1839,1884 1843,1887 1966,1887 1966,1884 2157,1839 2160,1839 2170,1839 2474,1853 2478,1853 2481,1853 2542,1829 2590,1863 2594,1863 2597,1863 2600,1863 2604,1863 2607,1863 2631,1843 2826,1843 2829,1843 2833,1843 2874,1822 2935,1860 2938,1860 2942,1860 2945,1860 3368,1809 3368,1788 3358,1696 3218,1699 3215,1699 3208,1703 3102,1737 2979,1713 2942,1706 2938,1706 2935,1706 2901,1716 2795,1751 2529,1751 2501,1733 2474,1720 2471,1720 2467,1720 2464,1720 2423,1737 2375,1757 2327,1744 2317,1740 2314,1740 2310,1740 2307,1740 2293,1744 2235,1761 2201,1747 2146,1727 2143,1727 2140,1727 2136,1727 2078,1751 2030,1730 2027,1730 2024,1730 2020,1730 1959,1761 1945,1768 1935,1761 1911,1740 1908,1740 1904,1740 1819,1733 1815,1733 1812,1733 1809,1733 1764,1768 1757,1774 1682,1774 1686,1829"/>
        <Baseline points="1686,1829 3368,1788"/>
        <TextEquiv>
          <Unicode>Wie ſchau ich alle mein Begehr!</Unicode>
        </TextEquiv>
      </TextLine>

      
      
      <TextLine id="eSc_line_ce2fbf71" custom="structure {type:default;}">
        <Coords points="1675,1969 1675,1989 1778,2010 1781,2010 1785,2010 1846,1993 1877,2020 1877,2024 1880,2024 1884,2024 1887,2024 1890,2024 1959,2003 2013,2024 2017,2024 2020,2027 2235,2027 2235,2024 2239,2024 2368,1986 2474,2000 2478,2000 2631,1983 2655,2003 2655,2007 2658,2007 2662,2007 2665,2007 2669,2007 2672,2007 2706,1986 2771,2013 2775,2013 2778,2013 2781,2013 2785,2013 2785,2010 2802,1996 2942,2013 2945,2013 2949,2013 2952,2013 2976,1989 3150,1983 3208,2010 3211,2010 3215,2010 3218,2010 3222,2010 3283,1972 3358,1969 3358,1949 3348,1897 3252,1897 3249,1897 3208,1863 3205,1863 3201,1863 2792,1856 2788,1856 2785,1856 2641,1904 2638,1904 2635,1904 2566,1890 2563,1890 2426,1908 2413,1908 2344,1863 2341,1863 2338,1863 2334,1863 2331,1863 2327,1863 2276,1908 2235,1880 2232,1880 2228,1880 2225,1880 2222,1880 2164,1911 2160,1914 2085,1914 2082,1911 2048,1884 2044,1884 2041,1884 2037,1884 2034,1884 1993,1904 1955,1870 1955,1867 1952,1867 1949,1867 1945,1867 1942,1867 1938,1867 1877,1914 1798,1870 1795,1870 1792,1870 1788,1870 1672,1911 1675,1969"/>
        <Baseline points="1675,1969 3358,1949"/>
        <TextEquiv>
          <Unicode>Da kollern ſie am Boden her. –</Unicode>
        </TextEquiv>
      </TextLine>

      
      
      <TextLine id="eSc_line_72c09368" custom="structure {type:default;}">
        <Coords points="1682,2133 1682,2153 2126,2164 2129,2164 2283,2143 2300,2143 2324,2143 2553,2153 2556,2153 2560,2153 2563,2153 2580,2136 2583,2136 2597,2136 2679,2150 2682,2150 3474,2119 3474,2092 3467,2027 3324,1996 3321,1996 3317,1996 3314,1996 3276,2030 3266,2037 3170,2037 3164,2030 3136,2007 3136,2003 3133,2003 3130,2003 3085,2003 3082,2003 3078,2003 3075,2003 3027,2034 3013,2041 3003,2034 2973,2017 2969,2017 2966,2017 2962,2017 2932,2030 2809,2010 2805,2010 2802,2010 2798,2010 2798,2013 2781,2027 2621,2013 2618,2013 2614,2013 2556,2041 2536,2054 2392,2054 2379,2044 2355,2024 2355,2020 2351,2020 2348,2020 2280,2020 2276,2020 2273,2020 2269,2020 2239,2048 2225,2058 2208,2048 2164,2024 2160,2024 2157,2024 2153,2024 2150,2024 2112,2048 2109,2051 2102,2048 2044,2027 2041,2027 2037,2027 2034,2027 2030,2027 1993,2051 1969,2068 1829,2068 1809,2054 1774,2034 1771,2034 1768,2034 1764,2034 1761,2034 1679,2054 1682,2133"/>
        <Baseline points="1682,2133 3474,2092"/>
        <TextEquiv>
          <Unicode>Man bietet’s euch, benutzts nur gleich</Unicode>
        </TextEquiv>
      </TextLine>

      
      
      <TextLine id="eSc_line_2b4cfcd9" custom="structure {type:default;}">
        <Coords points="1682,2263 1682,2286 1829,2304 1832,2304 1836,2304 1908,2286 1921,2283 1925,2286 1959,2307 1962,2307 1966,2307 2123,2317 2126,2317 2594,2290 2597,2290 2600,2290 2600,2286 2611,2280 2618,2269 2795,2269 2812,2276 2839,2290 2843,2290 2846,2290 2969,2276 3044,2266 3058,2273 3089,2290 3092,2290 3095,2290 3099,2290 3102,2290 3126,2273 3140,2273 3269,2286 3273,2286 3276,2286 3280,2286 3300,2273 3314,2263 3351,2269 3461,2297 3464,2297 3467,2297 3471,2297 3502,2269 3505,2266 3508,2269 3536,2290 3539,2290 3543,2290 3546,2290 3689,2266 3689,2232 3682,2187 3621,2187 3546,2146 3543,2146 3539,2146 3536,2146 3461,2187 3420,2150 3416,2150 3413,2150 3239,2150 3235,2150 3020,2191 3017,2191 2925,2164 2921,2164 2918,2164 2914,2164 2911,2164 2884,2187 2853,2164 2850,2164 2846,2164 2843,2164 2839,2164 2836,2164 2795,2194 2785,2201 2474,2201 2464,2198 2423,2177 2420,2177 2416,2177 2413,2177 2409,2177 2382,2198 2372,2205 2263,2205 2252,2198 2218,2167 2215,2167 2211,2167 2129,2167 2126,2167 2123,2167 2119,2167 2119,2170 2116,2170 2102,2187 2048,2170 2044,2170 2041,2170 2037,2170 2034,2170 1993,2201 1989,2201 1914,2181 1911,2181 1908,2181 1904,2181 1901,2181 1901,2184 1880,2201 1870,2211 1836,2201 1737,2177 1733,2177 1730,2177 1727,2177 1679,2198 1682,2263"/>
        <Baseline points="1682,2263 3689,2232"/>
        <TextEquiv>
          <Unicode>Und bückt euch nur und werdet reich. –</Unicode>
        </TextEquiv>
      </TextLine>

      
      
      <TextLine id="eSc_line_03b9c86a" custom="structure {type:default;}">
        <Coords points="1696,2409 1696,2433 2205,2426 2208,2426 2286,2454 2290,2454 2293,2454 2488,2450 2491,2450 2495,2450 2536,2420 2542,2420 2652,2447 2655,2447 2658,2447 2662,2447 2662,2443 2689,2420 2693,2416 2717,2416 2863,2433 2867,2433 2870,2433 2935,2413 2942,2413 2949,2413 3034,2440 3037,2440 3041,2440 3044,2440 3136,2409 3147,2409 3153,2409 3252,2437 3256,2437 3259,2437 3450,2433 3454,2433 3457,2433 3488,2406 3488,2379 3485,2314 3440,2283 3437,2283 3433,2283 3287,2283 3283,2283 3280,2283 3205,2321 3160,2304 3157,2304 3153,2304 3150,2304 3147,2304 3147,2307 3123,2327 3116,2334 3095,2327 3031,2304 3027,2304 3024,2304 3020,2304 3017,2304 3017,2307 2993,2327 2942,2307 2938,2307 2935,2307 2932,2307 2928,2307 2894,2331 2877,2344 2682,2344 2665,2338 2604,2297 2600,2297 2597,2297 2594,2297 2590,2297 2587,2297 2587,2300 2539,2341 2532,2348 2416,2348 2406,2344 2372,2317 2368,2317 2365,2317 2362,2317 2358,2317 2355,2317 2307,2344 2307,2348 2304,2344 2245,2304 2242,2304 2239,2304 2191,2304 2187,2304 2184,2304 2181,2304 2106,2351 2099,2355 2003,2355 2000,2351 1945,2307 1942,2307 1938,2307 1890,2307 1887,2307 1884,2307 1778,2358 1774,2362 1693,2362 1696,2409"/>
        <Baseline points="1696,2409 3488,2379"/>
        <TextEquiv>
          <Unicode>Wir andern, rüſtig wie der Blitz,</Unicode>
        </TextEquiv>
      </TextLine>

      
      
      <TextLine id="eSc_line_92758963" custom="structure {type:default;}">
        <Coords points="1689,2546 1689,2577 1822,2611 1826,2611 1829,2611 1928,2577 1938,2573 1942,2577 1983,2607 1986,2607 1989,2607 1993,2611 2150,2611 2150,2607 2153,2607 2280,2573 2297,2570 2307,2573 2382,2604 2385,2604 2389,2604 2392,2604 2488,2573 2508,2566 2611,2570 2618,2570 2679,2600 2682,2600 2686,2600 2689,2600 2747,2570 2761,2563 2802,2570 2867,2580 2870,2580 3017,2566 3119,2560 3130,2566 3157,2590 3157,2594 3160,2594 3164,2594 3167,2594 3379,2590 3382,2590 3386,2590 3386,2587 3406,2566 3413,2560 3457,2563 3464,2522 3454,2420 3218,2423 3215,2423 3211,2423 3211,2426 3208,2426 3170,2464 3061,2464 3010,2437 3007,2437 3003,2437 2996,2437 2727,2454 2710,2447 2682,2433 2679,2433 2536,2433 2532,2433 2529,2433 2525,2433 2525,2437 2505,2454 2484,2478 2440,2478 2355,2464 2351,2464 2174,2481 2146,2467 2129,2461 2126,2461 2123,2461 2119,2461 2116,2461 2106,2471 2088,2484 1928,2484 1918,2478 1887,2447 1887,2443 1884,2443 1880,2443 1839,2443 1836,2443 1832,2443 1829,2443 1778,2481 1771,2488 1686,2488 1689,2546"/>
        <Baseline points="1689,2546 3464,2522"/>
        <TextEquiv>
          <Unicode>Wir nehmen den Koffer in Beſitz.</Unicode>
        </TextEquiv>
      </TextLine>

      
      
      <TextLine id="eSc_line_8319d49c" custom="structure {type:default;}">
        <Coords points="2150,2727 2150,2819 2218,2819 2218,2816 2222,2816 2225,2816 2235,2809 2259,2788 2297,2802 2331,2812 2334,2812 2338,2812 2341,2812 2344,2812 2344,2809 2362,2795 2372,2781 2392,2792 2447,2809 2450,2809 2454,2809 2457,2809 2556,2771 2556,2713 2553,2641 2495,2614 2491,2614 2488,2614 2484,2614 2481,2614 2481,2618 2450,2648 2440,2658 2348,2658 2344,2652 2310,2624 2310,2621 2307,2621 2304,2621 2252,2621 2249,2621 2245,2621 2146,2658 2150,2727"/>
        <Baseline points="2150,2727 2556,2713"/>
        <TextEquiv>
          <Unicode>Herold.</Unicode>
        </TextEquiv>
      </TextLine>

      
      
      <TextLine id="eSc_line_310c536d" custom="structure {type:default;}">
        <Coords points="1699,2894 1703,2949 1740,2938 1754,2949 1768,2955 1771,2955 1774,2955 1778,2955 1781,2955 1785,2955 1795,2945 1819,2925 1843,2942 1863,2962 1867,2962 1870,2962 1873,2962 2017,2935 2037,2952 2041,2952 2044,2952 2048,2952 2051,2952 2054,2952 2082,2932 2092,2921 2109,2928 2153,2949 2157,2949 2160,2952 2256,2952 2256,2949 2259,2949 2331,2918 2338,2914 2341,2918 2372,2942 2375,2942 2379,2942 2382,2945 2443,2945 2443,2942 2607,2904 2621,2901 2631,2901 2717,2932 2720,2932 2723,2932 2727,2932 2812,2894 2836,2880 3048,2874 3058,2880 3075,2894 3078,2894 3082,2894 3085,2894 3089,2894 3092,2894 3116,2877 3126,2870 3147,2877 3184,2887 3188,2887 3191,2887 3194,2887 3198,2887 3211,2874 3222,2863 3563,2853 3563,2826 3553,2720 3474,2720 3471,2720 3467,2720 3464,2720 3464,2723 3461,2723 3447,2744 3396,2727 3379,2723 3375,2723 3372,2723 3368,2723 3355,2730 3269,2775 3201,2754 3198,2754 3194,2754 3191,2754 3188,2754 3188,2757 3184,2757 3167,2781 3031,2781 2986,2754 2969,2740 2966,2740 2962,2740 2908,2740 2904,2740 2720,2747 2717,2747 2665,2775 2618,2798 2501,2785 2443,2778 2440,2778 2437,2778 2433,2778 2420,2788 2402,2802 2362,2792 2348,2792 2344,2792 2324,2795 2249,2812 2201,2802 2078,2778 2075,2778 2071,2778 1996,2816 1989,2819 1983,2816 1887,2778 1884,2778 1880,2778 1877,2778 1696,2833 1699,2894"/>
        <Baseline points="1699,2894 3563,2826"/>
        <TextEquiv>
          <Unicode>Was ſolls ihr Thoren? ſoll mir das?</Unicode>
        </TextEquiv>
      </TextLine>

      
      
      <TextLine id="eSc_line_a2dbff38" custom="structure {type:default;}">
        <Coords points="1720,3013 1720,3034 1768,3061 1771,3061 1774,3061 1778,3061 1781,3061 1805,3041 1897,3065 1901,3065 1904,3065 2211,3031 2362,3044 2365,3044 2368,3044 2413,3027 2420,3024 2498,3024 2874,3037 2877,3037 2880,3037 2911,3024 2914,3020 2938,3041 2938,3044 2942,3044 2945,3044 2949,3048 3027,3048 3027,3044 3136,3041 3140,3041 3143,3041 3143,3037 3164,3020 3177,3010 3399,3017 3403,2983 3399,2928 3372,2904 3372,2901 3368,2901 3365,2901 3297,2901 3293,2901 3290,2901 3287,2901 3287,2904 3259,2928 3198,2904 3194,2904 3078,2904 3075,2904 3072,2904 3068,2904 3068,2908 3054,2918 3034,2904 3031,2904 3027,2904 3024,2904 2645,2945 2409,2945 2338,2918 2334,2918 2331,2918 2327,2918 2269,2949 1983,2925 1979,2925 1976,2925 1972,2925 1972,2928 1942,2955 1877,2955 1822,2928 1819,2928 1815,2928 1812,2928 1716,2959 1720,3013"/>
        <Baseline points="1720,3013 3403,2983"/>
        <TextEquiv>
          <Unicode>Es iſt ja nur ein Maskenſpas.</Unicode>
        </TextEquiv>
      </TextLine>

      
      
      <TextLine id="eSc_line_83a6be6a" custom="structure {type:default;}">
        <Coords points="3696,3034 3584,3051 3546,3041 3539,3037 3536,3037 3532,3037 3529,3037 3522,3041 3450,3072 3396,3072 3358,3048 3338,3034 3334,3034 3331,3034 3328,3034 3191,3037 3188,3037 3184,3037 3157,3054 3123,3078 3000,3078 2976,3061 2969,3058 2966,3058 2962,3058 2959,3058 2955,3058 2932,3065 2880,3082 2853,3068 2812,3048 2809,3048 2805,3048 2710,3051 2706,3051 2703,3051 2676,3075 2658,3092 2519,3092 2498,3082 2461,3058 2457,3058 2454,3058 2450,3058 2365,3061 2362,3061 2358,3061 2358,3065 2331,3089 2327,3095 2317,3092 2252,3065 2249,3065 2245,3065 2082,3092 2054,3078 2051,3078 2048,3078 2044,3078 2041,3078 2007,3102 2000,3109 1921,3109 1921,3106 1887,3075 1887,3072 1884,3072 1880,3072 1877,3072 1873,3072 1740,3109 1744,3170 1744,3222 1846,3205 1894,3218 1897,3218 1901,3218 1904,3218 2027,3184 2129,3208 2133,3208 2136,3208 2184,3184 2201,3198 2205,3198 2208,3198 2211,3198 2409,3174 2488,3198 2515,3205 2519,3205 2522,3205 2525,3205 2529,3205 2529,3201 2532,3201 2536,3194 2549,3177 2580,3191 2583,3191 2587,3191 2590,3191 2676,3167 2744,3188 2788,3198 2792,3198 2795,3198 2798,3198 2860,3181 2938,3160 2996,3177 3051,3191 3054,3191 3058,3191 3061,3191 3136,3170 3201,3153 3300,3164 3450,3181 3454,3181 3457,3181 3461,3181 3495,3157 3498,3153 3519,3153 3652,3174 3655,3174 3659,3174 3717,3147 3717,3119 3706,3044 3696,3034"/>
        <Baseline points="1744,3170 3717,3119"/>
        <TextEquiv>
          <Unicode>Heut Abend wird nicht mehr begehrt;</Unicode>
        </TextEquiv>
      </TextLine>

      
      
      <TextLine id="eSc_line_419c4153" custom="structure {type:default;}">
        <Coords points="1733,3321 1740,3406 1860,3348 1955,3399 1959,3399 1962,3399 1966,3403 2085,3403 2085,3399 2088,3399 2092,3399 2099,3396 2136,3372 2232,3379 2235,3379 2239,3379 2242,3379 2317,3331 2399,3386 2406,3389 2409,3389 2413,3389 2416,3389 2583,3382 2587,3382 2590,3382 2594,3379 2676,3321 2737,3321 2805,3372 2809,3375 2812,3375 2816,3375 2819,3375 2993,3372 2996,3372 3000,3372 3000,3368 3007,3365 3044,3324 3143,3304 3426,3300 3485,3324 3488,3324 3491,3324 3495,3324 3498,3324 3498,3321 3529,3297 3624,3317 3628,3317 3741,3307 3833,3334 3840,3266 3829,3177 3710,3201 3682,3181 3662,3167 3659,3167 3655,3167 3652,3167 3560,3170 3556,3170 3553,3170 3536,3188 3512,3208 3368,3211 3266,3198 3143,3181 3140,3181 3136,3181 3065,3205 3013,3222 2973,3208 2901,3188 2897,3188 2894,3188 2891,3188 2826,3215 2812,3222 2798,3215 2761,3198 2757,3198 2754,3198 2751,3198 2747,3198 2713,3218 2696,3232 2590,3232 2573,3225 2553,3211 2549,3211 2546,3211 2542,3211 2539,3211 2536,3211 2536,3215 2519,3229 2508,3239 2314,3242 2286,3235 2211,3215 2208,3215 2205,3215 2112,3232 1894,3218 1890,3218 1730,3256 1733,3321"/>
        <Baseline points="1733,3321 3072,3273 3840,3266"/>
        <TextEquiv>
          <Unicode>Glaubt ihr man gab euch Gold und Werth?</Unicode>
        </TextEquiv>
      </TextLine>

      
      
      <TextLine id="eSc_line_d326aadf" custom="structure {type:default;}">
        <Coords points="1744,3447 1744,3467 1839,3502 1843,3502 1846,3502 1850,3502 1983,3467 2126,3512 2129,3512 2133,3515 2286,3515 2286,3512 2416,3491 2682,3502 2686,3502 2689,3502 2693,3502 2740,3471 2802,3478 2805,3478 2809,3478 2870,3450 3054,3481 3058,3481 3061,3481 3065,3481 3065,3478 3099,3447 3188,3464 3191,3464 3194,3464 3252,3444 3328,3474 3331,3474 3334,3474 3338,3474 3341,3474 3396,3440 3396,3437 3604,3433 3604,3406 3597,3345 3502,3331 3498,3331 3495,3331 3454,3348 3426,3358 3416,3348 3403,3334 3403,3331 3399,3331 3396,3331 3392,3331 3307,3334 3304,3334 3300,3334 3280,3351 3249,3372 3184,3351 3133,3338 3130,3338 3126,3338 3123,3338 3119,3338 3099,3355 3072,3375 3034,3355 3003,3341 3000,3341 2996,3341 2993,3341 2990,3341 2990,3345 2973,3358 2945,3382 2867,3365 2863,3365 2860,3365 2856,3365 2826,3386 2717,3372 2713,3372 2577,3389 2542,3372 2539,3372 2536,3372 2532,3372 2464,3389 2420,3372 2372,3351 2368,3351 2365,3351 2362,3351 2321,3372 2283,3396 2245,3375 2239,3372 2235,3372 2232,3372 2228,3372 2218,3375 2194,3386 2187,3375 2167,3358 2167,3355 2164,3355 2160,3355 2112,3355 2109,3355 2106,3355 2102,3355 2075,3379 2054,3399 1989,3382 1979,3379 1976,3379 1972,3379 1969,3379 1959,3382 1925,3396 1911,3382 1884,3362 1880,3362 1877,3362 1873,3362 1740,3386 1744,3447"/>
        <Baseline points="1744,3447 2478,3457 3068,3420 3604,3406"/>
        <TextEquiv>
          <Unicode>Sind doch für euch in dieſem Spiel</Unicode>
        </TextEquiv>
      </TextLine>

      
      
      <TextLine id="eSc_line_66121f05" custom="structure {type:default;}">
        <Coords points="1754,3604 1757,3652 1819,3631 1877,3648 1952,3669 1955,3669 1959,3669 1962,3669 2013,3642 2048,3624 2112,3628 2123,3638 2153,3662 2157,3662 2160,3662 2164,3662 2269,3659 2273,3659 2351,3628 2358,3624 2362,3628 2396,3655 2399,3655 2402,3655 2406,3655 2532,3652 2771,3614 2908,3642 2911,3642 2914,3642 3041,3597 3058,3594 3065,3597 3078,3607 3082,3607 3085,3607 3089,3607 3447,3580 3450,3553 3440,3471 3293,3474 3290,3474 3287,3474 3287,3478 3225,3519 3136,3522 2959,3512 2955,3512 2826,3529 2802,3508 2798,3508 2795,3508 2792,3508 2788,3508 2785,3508 2751,3536 2665,3536 2631,3508 2618,3495 2614,3495 2611,3495 2607,3495 2604,3495 2573,3512 2512,3543 2406,3543 2348,3522 2338,3519 2334,3519 2331,3519 2327,3519 2324,3519 2321,3522 2283,3546 2249,3525 2218,3505 2215,3505 2211,3505 2208,3505 2205,3505 2140,3532 2133,3532 2129,3532 2061,3512 2058,3512 2054,3512 2051,3512 2048,3512 2017,3536 2007,3546 1996,3539 1966,3515 1962,3515 1959,3515 1955,3515 1952,3515 1949,3515 1921,3536 1901,3515 1897,3515 1894,3515 1890,3515 1785,3519 1781,3519 1778,3519 1751,3536 1754,3604"/>
        <Baseline points="1754,3604 2635,3594 3450,3553"/>
        <TextEquiv>
          <Unicode>Selbſt Rechenpfennige zuviel.</Unicode>
        </TextEquiv>
      </TextLine>

      
      
      <TextLine id="eSc_line_ff008615" custom="structure {type:default;}">
        <Coords points="1761,3744 1768,3809 1792,3792 1853,3805 1867,3805 1870,3805 1873,3805 1880,3802 1979,3764 2068,3795 2085,3799 2088,3799 2092,3799 2136,3792 2201,3778 2290,3781 2382,3788 2385,3788 2389,3788 2392,3788 2402,3778 2426,3758 2464,3775 2481,3781 2484,3781 2488,3781 2491,3781 2512,3771 2532,3764 2611,3768 2693,3771 2696,3771 2699,3771 2720,3761 2768,3744 2805,3758 2829,3768 2833,3768 2836,3768 2839,3768 2867,3754 2884,3747 2921,3754 3010,3768 3013,3768 3017,3768 3020,3768 3020,3764 3041,3747 3054,3730 3266,3727 3283,3737 3314,3758 3317,3758 3321,3758 3324,3758 3328,3758 3399,3730 3430,3720 3577,3720 3580,3686 3570,3638 3485,3642 3478,3638 3416,3601 3413,3601 3409,3601 3406,3601 3211,3607 3208,3607 3205,3607 3205,3611 3167,3648 3164,3655 3041,3655 3037,3655 3003,3628 3000,3628 2996,3628 2993,3628 2990,3628 2986,3628 2949,3659 2945,3662 2744,3665 2710,3665 2628,3662 2590,3628 2587,3628 2583,3628 2529,3628 2525,3628 2522,3628 2519,3628 2454,3669 2416,3638 2413,3638 2409,3638 2406,3638 2402,3638 2399,3638 2344,3672 2283,3652 2280,3652 2276,3652 2273,3652 2194,3676 2164,3648 2164,3645 2160,3645 2157,3645 2092,3642 2088,3642 2085,3642 2082,3642 2030,3686 1867,3648 1863,3648 1802,3652 1798,3652 1795,3652 1757,3682 1761,3744"/>
        <Baseline points="1761,3744 2723,3727 3580,3686"/>
        <TextEquiv>
          <Unicode>Ihr täppiſchen! ein artiger Schein</Unicode>
        </TextEquiv>
      </TextLine>

      
      
      <TextLine id="eSc_line_a698c3c0" custom="structure {type:default;}">
        <Coords points="1768,3887 1768,3921 1911,3932 1914,3932 1918,3932 1955,3918 1996,3904 2010,3918 2030,3935 2034,3935 2037,3935 2041,3935 2044,3935 2048,3935 2075,3915 2085,3908 2102,3915 2150,3935 2153,3935 2157,3935 2259,3911 2334,3894 2413,3908 2512,3925 2515,3925 2519,3925 2522,3925 2546,3904 2570,3887 2590,3904 2614,3921 2618,3921 2621,3921 2624,3925 2676,3925 2676,3921 2809,3898 2938,3877 3013,3877 3034,3894 3054,3911 3058,3911 3061,3911 3065,3911 3068,3911 3133,3891 3201,3870 3355,3870 3386,3884 3416,3901 3420,3901 3423,3901 3426,3901 3430,3901 3430,3898 3444,3884 3464,3863 3543,3863 3563,3880 3566,3884 3566,3887 3570,3887 3573,3887 3577,3887 3580,3887 3584,3887 3584,3884 3587,3884 3587,3880 3601,3867 3631,3880 3676,3894 3679,3894 3682,3894 3686,3894 3720,3877 3720,3836 3717,3764 3669,3730 3665,3730 3662,3730 3659,3730 3536,3734 3532,3734 3450,3778 3444,3781 3423,3778 3382,3775 3351,3744 3351,3741 3348,3741 3345,3741 3341,3741 3338,3741 3256,3775 3218,3741 3215,3741 3211,3741 3208,3741 3068,3744 3065,3744 2952,3795 2932,3809 2693,3809 2686,3805 2648,3771 2645,3771 2641,3771 2638,3771 2635,3771 2546,3812 2532,3819 2447,3819 2440,3816 2392,3785 2389,3785 2385,3785 2382,3785 2379,3785 2375,3785 2375,3788 2341,3819 2201,3822 2184,3822 2136,3792 2133,3792 2129,3792 2126,3792 2123,3792 2024,3829 2020,3829 1884,3778 1880,3778 1877,3778 1873,3778 1764,3833 1768,3887"/>
        <Baseline points="1768,3887 3720,3836"/>
        <TextEquiv>
          <Unicode>Soll gleich die plumpe Wahrheit ſeyn.</Unicode>
        </TextEquiv>
      </TextLine>

      
      
      <TextLine id="eSc_line_e65eccb8" custom="structure {type:default;}">
        <Coords points="1768,4027 1768,4058 1812,4082 1815,4082 1819,4082 1822,4082 1826,4082 1856,4058 1887,4078 1890,4078 1894,4078 1897,4078 1901,4078 1904,4078 1935,4051 2020,4078 2024,4078 2027,4078 2205,4044 2280,4075 2283,4075 2286,4075 2290,4075 2409,4037 2416,4037 2420,4037 2539,4068 2542,4068 2546,4068 2734,4061 2737,4061 2809,4034 3027,4048 3031,4048 3034,4048 3037,4048 3068,4024 3153,4051 3157,4051 3160,4051 3164,4051 3167,4051 3205,4024 3242,4037 3246,4037 3249,4037 3252,4037 3321,4014 3328,4014 3338,4014 3426,4031 3430,4031 3433,4031 3488,4010 3491,4010 3529,4041 3532,4041 3536,4041 3539,4041 3543,4041 3546,4041 3546,4037 3566,4017 3713,4003 3717,3976 3710,3908 3450,3880 3447,3880 3444,3880 3375,3918 3348,3932 3324,3918 3266,3891 3263,3891 3259,3891 3256,3891 3252,3891 3201,3921 3174,3938 3089,3925 3013,3915 3010,3915 3007,3915 2969,3928 2935,3942 2894,3932 2805,3911 2802,3911 2798,3911 2795,3911 2795,3915 2771,3935 2757,3952 2662,3952 2638,3938 2583,3904 2580,3904 2577,3904 2573,3904 2570,3904 2491,3945 2467,3956 2447,3945 2416,3932 2413,3932 2409,3932 2406,3932 2402,3932 2402,3935 2385,3949 2372,3962 2276,3962 2239,3952 2177,3935 2174,3935 2170,3935 2167,3935 2143,3945 2119,3921 2119,3918 2116,3918 2112,3918 2109,3918 2106,3918 2102,3918 2065,3945 2030,3918 2027,3918 2024,3918 2020,3918 1887,3921 1884,3921 1880,3921 1832,3966 1829,3969 1764,3969 1768,4027"/>
        <Baseline points="1768,4027 3717,3976"/>
        <TextEquiv>
          <Unicode>Was ſoll euch Wahrheit? dumpfen Wahn</Unicode>
        </TextEquiv>
      </TextLine>

      
      
      <TextLine id="eSc_line_43ad9540" custom="structure {type:default;}">
        <Coords points="1778,4160 1781,4208 1853,4184 1945,4205 1959,4205 1962,4208 2099,4208 2099,4205 2102,4205 2126,4198 2191,4177 2280,4191 2324,4198 2327,4198 2331,4198 2362,4188 2385,4181 2392,4188 2402,4194 2402,4198 2406,4198 2409,4198 2413,4198 2505,4184 2536,4181 2556,4181 2655,4194 2658,4194 2662,4194 2665,4194 2682,4177 2696,4167 2723,4177 2768,4191 2771,4191 2775,4191 3543,4147 3543,4126 3532,4075 3198,4078 3072,4051 3068,4051 3065,4051 3061,4051 3031,4072 2983,4048 2979,4048 2976,4048 2973,4048 2904,4085 2839,4044 2836,4044 2833,4044 2829,4044 2655,4051 2652,4051 2573,4078 2491,4061 2488,4061 2484,4061 2409,4096 2375,4075 2372,4075 2368,4075 2365,4075 2362,4075 2297,4102 2170,4102 2085,4065 2082,4065 1952,4061 1949,4061 1850,4072 1846,4072 1774,4106 1778,4160"/>
        <Baseline points="1778,4160 3543,4126"/>
        <TextEquiv>
          <Unicode>Packt ihr an allen Zipfeln an. –</Unicode>
        </TextEquiv>
      </TextLine>

      
      
      <TextLine id="eSc_line_10132160" custom="structure {type:default;}">
        <Coords points="1788,4328 1829,4348 1832,4348 1836,4348 1839,4348 1843,4348 1877,4328 1969,4345 1972,4345 1976,4345 1979,4345 1979,4341 2000,4324 2174,4338 2177,4338 2348,4321 2372,4338 2375,4338 2379,4338 2382,4338 2385,4338 2471,4314 2573,4334 2577,4334 2703,4317 2802,4331 2805,4331 2990,4304 3143,4324 3147,4324 3239,4307 3392,4317 3396,4317 3399,4317 3488,4290 3488,4263 3474,4194 3444,4205 3423,4194 3368,4167 3365,4167 3362,4167 3225,4181 3222,4181 3218,4181 3218,4184 3201,4198 3194,4208 3177,4198 3130,4174 3126,4174 3123,4174 3119,4174 3044,4201 3010,4212 2962,4201 2921,4194 2918,4194 2914,4194 2897,4205 2877,4215 2856,4205 2809,4177 2805,4177 2802,4177 2798,4177 2740,4205 2710,4181 2706,4181 2703,4181 2699,4181 2696,4181 2624,4198 2563,4184 2560,4184 2556,4184 2553,4184 2495,4208 2457,4229 2396,4229 2379,4212 2358,4194 2355,4194 2351,4194 2348,4194 2344,4194 2341,4194 2310,4212 2280,4232 2061,4232 2037,4218 2007,4194 2003,4194 2000,4194 1996,4194 1877,4201 1873,4201 1870,4201 1843,4222 1822,4235 1788,4222 1788,4297 1788,4328"/>
        <Baseline points="1788,4297 3488,4263"/>
        <TextEquiv>
          <Unicode>Vermumter Plutus, Maskenheld,</Unicode>
        </TextEquiv>
      </TextLine>

      
      
      <TextLine id="eSc_line_a44d076c" custom="structure {type:default;}">
        <Coords points="1785,4427 1785,4509 2027,4509 2027,4505 2030,4505 2034,4505 2034,4502 2041,4498 2068,4471 2184,4491 2239,4502 2242,4502 2245,4502 2249,4502 2266,4491 2310,4457 2396,4457 2546,4457 2600,4478 2635,4491 2638,4491 2641,4491 2645,4491 2693,4474 2764,4450 2942,4457 2949,4464 2969,4481 2969,4485 2973,4485 2976,4485 2979,4485 2983,4485 3027,4464 3044,4454 3065,4461 3092,4471 3095,4471 3099,4471 3102,4471 3153,4457 3184,4450 3194,4457 3225,4478 3229,4478 3232,4478 3235,4481 3314,4481 3314,4478 3437,4447 3502,4433 3614,4440 3621,4386 3611,4293 3488,4307 3485,4307 3481,4307 3481,4311 3457,4331 3403,4300 3396,4297 3392,4297 3389,4297 3386,4297 3375,4300 3304,4334 3106,4331 3061,4314 3031,4304 3027,4304 3024,4304 3020,4304 3017,4304 3017,4307 3007,4314 2996,4328 2846,4345 2686,4328 2546,4314 2542,4314 2539,4314 2491,4334 2454,4352 2396,4338 2310,4321 2307,4321 2304,4321 2259,4345 2235,4358 2211,4345 2170,4324 2167,4324 2164,4324 2160,4324 2106,4352 2082,4362 2054,4352 1983,4328 1979,4328 1976,4328 1809,4331 1805,4331 1802,4331 1802,4334 1781,4352 1785,4427"/>
        <Baseline points="1785,4427 3621,4386"/>
        <TextEquiv>
          <Unicode>Schlag dieſes Volk mir aus dem Feld.</Unicode>
        </TextEquiv>
      </TextLine>

      
    </TextRegion>
    

    
  </Page>
</PcGts>
