4096 6144
846 658 911 761 72
1710 819 3799 1064 Euphorion /: ein junges Mädchen hereintragend :/
1471 1030 2921 1232 Schlepp’ ich her die derbe Kleine
1488 1204 2795 1368 Zu erzwungenem Genuſſe.
1505 1326 2933 1510 Mir zur Wonne, mir zur Luſt
1459 1454 2913 1669 Drück’ ich widerſpenſtige Bruſt,
1469 1592 2984 1812 Küß ich widerwärtigen Mund,
1498 1737 2935 1931 Thue Kraft und Willen kund.
1858 1914 2355 2114 Mädchen.
1501 2071 2949 2269 Laß mich los! In dieſer Hülle
1508 2228 3174 2457 Iſt auch Geiſtes Muth und Kraft,
1505 2372 2826 2570 Deinem gleich iſt unſer Wille
1508 2536 2887 2720 Nicht ſo leicht hinweggerafft.
1498 2679 3140 2880 Glaubſt du wohl mich im Gedränge?
1481 2850 3126 3013 Deinem Arm vertrauſt du viel!
1498 2983 2706 3160 Halte feſt, und ich verſenge
1481 3130 2979 3314 Dich den Thoren mir zum Spiel.
2094 3256 3737 3496 /: ſie flammt auf und lodert in die
1495 3505 2744 3655 Folge mir in leichte Lüfte,
2657 3399 2964 3630 Höhe :/
1460 3669 2624 3775 Folge mir in ſtarre Grüfte,
1474 3771 2792 3932 Haſche das verſchwundne Ziel.
1850 3884 3703 4078 Euphorion /: die letzten Flammen abſchüttelnd :/
1460 4024 2402 4160 Felſengedränge hier
1467 4140 2703 4314 Zwiſchen dem Waldgebüſch,
1464 4244 2560 4459 Was ſoll die Enge mir,
1464 4372 2688 4597 Bin ich doch jung und friſch.
1447 4543 2501 4676 Winde ſie ſauſen ja,
1491 4652 2580 4795 Wellen ſie brauſen da
1467 4778 2570 4925 Hör’ ich doch beides fern
1495 4898 2324 5092 Nah wär ich gern.
2129 5021 3618 5236 /: er ſpringt immer höher Fels auf:
