4096 6144
860 911 2699 1102 So war er ein geborner König,
750 1078 2669 1286 Als Jüngling herrlichſt anzuſchaun;
761 1245 2560 1416 Dem ältern Bruder unterthänig
778 1399 2611 1566 Und auch den allerliebſten Fraun.
774 1546 2938 1751 Den zweyten zeugt nicht Gäia wieder,
778 1720 2744 1897 Nicht führt ihn Hebe himmelein;
795 1850 2747 2051 Vergebens mühen ſich die Lieder,
808 2003 2771 2205 Vergebens quälen ſie den Stein.
812 2252 2836 2488 So ſehr auch Bildner auf ihn pochen
1433 2186 1827 2355 Fauſt.
815 2396 2703 2600 So herrlich kam er nie zur Schau.
819 2542 3082 2757 Vom ſchönſten Mann haſt du geſprochen,
819 2679 3068 2897 Nun ſprich auch von der ſchönſten Frau!
1448 2923 1930 3148 Chiron.
805 3051 3160 3280 Was!.. Frauen=Schönheit will nichts heißen,
771 3201 2880 3426 Iſt gar zu oft ein ſtarres Bild;
829 3365 3041 3611 Nur ſolch ein Weſen kann ich preiſen
808 3549 2788 3754 Das froh und lebensluſtig quillt.
822 3720 2938 3932 Die Schöne bleibt ſich ſelber ſelig;
843 3908 2853 4082 Die Anmuth macht unwiderſtehlich,
839 4075 2682 4276 Wie Helena, da ich ſie trug.
1423 4259 1836 4454 Fauſt.
829 4440 1754 4631 Du trugſt ſie?
1459 4587 1904 4817 Chiron.
1495 4809 2969 5014 Ja, auf dieſem Rücken.
