4096 6144
1648 783 2114 947 Kaiſer.
826 989 3447 1177 Wenn ein Gewölbe ſich dem Schlußstein anvertraut,
822 1150 3310 1327 Dann iſt’s mit Sicherheit für ewige Zeit erbaut.
832 1307 3515 1471 Du ſiehſt vier Fürſten da! Wir haben erſt erörtert,
846 1460 3618 1631 Was den Beſtand zunächſt von Haus und Hof befördert.
822 1617 3348 1768 Nun aber, was das Reich in ſeinem Ganzen hegt,
815 1761 3618 1928 Sey, mit Gewicht und Kraft, der Fünfzahl auferlegt.
802 1918 3423 2088 An Ländern sollen ſie vor allen andern glänzen,
803 2053 3630 2268 Deshalb erweitre ich gleich jetzt des Beſitzthums Gränzen,
802 2235 3232 2413 Vom Erbtheil jener die ſich von uns abgewandt.
788 2350 3368 2585 Euch Treuen ſprech ich zu ſo manches ſchöne Land,
752 2519 3502 2754 Zugleich das hohe Recht euch, nach Gelegenheiten,
752 2652 3640 2897 Durch Anfall, Kauf und Tauſch ins weitere zu verbreiten,
757 2846 3314 3031 Dann ſey beſtimmt vergönnt zu üben ungeſtört
754 3010 3450 3184 Was von Gerechtſamen Euch Landesherrn gehört.
733 3170 3314 3345 Als Richter werdet ihr die Endurtheile fällen,
771 3324 3365 3495 Berufung gelte nicht von Euern höchſten Stellen.
773 3450 3568 3686 Dann Steuer, Zinns und Beet, Lehn und Geleit und Zoll,
771 3659 3362 3829 Berg= Salz= und Münzregal Euch angehören ſoll.
757 3822 3461 4000 Denn meine Dankbarkeit vollgültig zu erproben,
774 3976 3450 4177 Hab ich Euch ganz zunächſt der Majeſtät erhoben.
1580 4154 2088 4365 Erzbiſch.
778 4295 3425 4526 Im Namen aller ſey dir tiefſter Dank gebracht,
742 4474 3527 4695 Du machſt uns feſt und ſtark und ſtärkeſt deine Macht.
1573 4638 2095 4867 Kaiſer.
721 4797 3461 5007 Euch fünfen will ich noch erhöhtere Würden geben.
716 4935 3420 5135 Noch leb’ ich meinem Reich und habe Luſt zumleben;
721 5068 3266 5273 Doch hoher Ahnen Kette zieht bedächtigen Blick
713 5232 3201 5406 Aus raſcher Strebſamkeit ins drohende zurück.
3522 638 3601 737 162
