4096 6144
1669 1034 3031 1198 Roſſe hemmet eure Flügel
2686 887 2990 1058 Halt!
1658 1170 3126 1355 Fühlet den gewohnten Zügel
1675 1331 3495 1495 Meiſtert euch wie ich euch meiſtre,
1665 1481 3447 1652 Rauſchet hin wenn ich begeiſtre –
1655 1631 3331 1788 Dieſe Räume laßt uns ehren,
1686 1788 3498 1959 Schaut umher wie ſie ſich mehren
1655 1955 3525 2106 Die Bewunderer Kreis um Kreiſe
1689 2099 3467 2266 Herold auf! nach deiner Weiſe,
1699 2259 3409 2447 Ehe wir von Euch entfliehen,
1689 2440 3433 2611 Uns zu ſchildern uns zu nennen;
1682 2597 3198 2764 Denn wir ſind Allegorien
1706 2747 3440 2918 Und ſo ſollteſt du uns kennen.
1723 3085 3355 3266 Wüßte nicht dich zu benennen,
2133 2945 2563 3133 Herold.
1737 3239 3338 3426 Eher könnt ich dich beſchreiben
2088 3444 2945 3597 Knabe,Lenker.
1710 3642 2420 3843 So probir’s!
2184 3785 2624 4044 Herold.
2396 4024 3502 4201 Man muß geſtehn:
1774 4184 3430 4375 Erſtlich biſt du jung und ſchön.
1723 4331 3915 4532 Halbwüchſiger Knabe biſt du; doch die Frauen
1720 4519 3891 4700 Sie möchten dich ganz ausgewachſen ſchauen.
1706 4652 3703 4864 Du ſcheineſt mir ein künftiger Sponſirer
1733 4833 3717 5027 Recht ſo von Haus aus ein Verführer.
