4096 6144
2095 907 2587 1085 Mephiſt.
1416 1064 3563 1269 Ein Menſch? Und welch verliebtes Paar
1469 1203 3793 1448 Habt ihr in’s Rauchloch eingeſchloßen?
2063 1372 2636 1590 Wagner.
1464 1529 3887 1723 Behüte Gott! wie ſonſt das Zeugen Mode war
1444 1684 3343 1952 Erklären wir für eitel Poſſen.
1443 1870 3853 2051 Der zarte Punct aus dem das Leben ſprang,
1447 2024 3863 2215 Die holde Kraft die aus dem Innern drang
1447 2170 3949 2362 Und nahm und gab, beſtim̄t ſich ſelbſt zu zeichnen,
1469 2334 3901 2539 Erſt Nächſtes, dann ſich Fremdes anzueignen,
1464 2498 3679 2676 Die iſt von ihrer Würde nun entſetzt;
1460 2655 3952 2839 Wenn ſich das Thier noch weiter dran ergötzt,
1450 2819 3973 3003 So muß der Menſch mit ſeinen großen Gaben
1419 2979 3925 3201 Doch künftig höhern, höhern Urſprung haben.
1131 3102 1418 3302 höhern?
1853 3164 3302 3388 / Zum Herd gewendet /
1450 3310 3935 3515 Es leuchtetſeht! – Nun läßt ſich wirklich hoffen
1467 3491 3768 3662 Daß, wenn wir aus viel hundert Stoffen,
1437 3635 3935 3850 Durch Miſchung, denn auf Miſchung kom̄t es an,
1437 3833 3829 4034 Den Menſchenſtoff gemächlich componiren,
1484 4014 3317 4154 In einen Kolben verlutiren
1491 4164 3338 4341 Und ihn gehörig kohobiren,
1491 4324 3689 4502 So iſt das Werk im Stillen abgethan.
1925 4509 3256 4683 (zum Herd gewendet)
1469 4654 3624 4869 Es wird! die Maſſe regt ſich klarer,
1481 4840 3655 5044 Die Ueberzeugung wahrer, wahrer:
