4096 6144
952 587 1058 679 46.
1573 1010 3826 1208 Noch ſonſt ein Würdiges verſchonten. Raubend jetzt,
1607 1170 3638 1368 Verführend, fechtend, hin und her entrückend;
1600 1361 3454 1532 Halbgötter, Helden, Götter, ja Dämonen,
1590 1505 3467 1675 Sie führten mich im Irren her und hin.
1594 1675 3696 1839 Einfach die Welt verwirrt ich, doppelt mehr,
1583 1832 3764 2007 Nun dreyfach, vierfach bring’ ich Noth auf Noth.
1559 1993 3433 2157 Entferne dieſen Guten, laß ihn frey;
1556 2119 3491 2358 Den Gottbethörten treffe keine Schmach.
2324 2283 2693 2524 Fauſt.
1563 2522 3304 2751 Erſtaunt o Königin, ſeh’ ich zugleich
1536 2710 3628 2914 Die ſicher Treffende, hier den Getroffnen;
1563 2874 3717 3089 Ich ſeh’ den Bogen, der den Pfeil entſandt,
1559 3034 3471 3218 Verwundet jenen. Pfeile folgen Pfeilen
1553 3205 3642 3413 Mich treffend. Allwärts ahn’ ich überquer
1539 3403 3703 3573 Gefiedert ſchwirrend ſie in Burg und Raum.
1423 3597 3788 3799 Was bin ich nun? Auf einmal machſt du mir
1484 3816 3635 4034 Rebelliſch die Getreuſten, meine Mauern
1477 4061 3563 4307 Unſicher. Alſo fürcht’ ich ſchon, mein Heer
1454 4259 3415 4536 Gehorcht der ſiegend unbeſiegten Frau.
