4096 6144
952 723 1037 849 44
1856 1024 2269 1218 Helena.
1474 1208 3133 1389 So hohe Würde wie du ſie vergönnſt,
1474 1372 3211 1573 Als Richterin, als Herrſcherin, und wär’s
1484 1529 3355 1723 Verſuchend nur, wie ich vermuthen darf;
1488 1672 3290 1887 So üb’ ich nun des Richters erſte Pflicht
1498 1836 3054 2041 Beſchuldigte zu hören. Rede denn.
1914 1991 3046 2227 Thurmwärter, Lynceus.
1505 2194 3136 2392 Laß mich knieen, laß mich ſchauen,
1515 2348 3065 2542 Laß mich ſterben, laß mich leben,
1512 2512 2990 2717 Denn ſchon bin ich hingegeben
1542 2676 2932 2894 Dieſer gottgegebnen Frauen.
1505 2976 3102 3205 Harrend auf des Morgens Wonne,
1488 3150 2788 3365 Oeſtlich ſpähend ihren Lauf,
1481 3324 2945 3505 Ging auf einmal mir die Sonne
1437 3471 2846 3662 Wunderbar im Süden auf.
1495 3833 2952 4058 Zog den Blick nach jener Seite,
1508 4010 3157 4239 Statt der Schluchten, ſtatt der Höh’n
1505 4181 3133 4416 Statt der Erd„ und Himmelsweite,
1529 4358 2812 4608 Sie die Einzige zu ſpähn.
