4096 6144
993 983 2297 1194 Claſſiſche Walpurgisnacht.
1201 1344 2228 1556 Pharſaliſche Felder,
1276 1587 1979 1778 Finſterniß.
1440 1955 1931 2177 Erichto.
581 2165 3031 2483 Zum Schauderfeſte dieſer Nacht, wie öfter ſchon,
619 2385 2616 2606 Tret’ ich einher, Erichto, ich die düſtere;
614 2549 3089 2775 Nicht ſo abſcheulich wie die leidigen Dichter mich
570 2717 3153 2935 Im Uebermaaß verläſtern... Endigen ſie doch nie,
597 2870 3317 3095 In Lob und Tadel... Ueberbleicht erſcheint mir ſchon
587 3065 3283 3304 Von grauer Zelten Woge weit das Thal dahin,
559 3232 3317 3474 Als Nachgeſicht der ſorg„ und grauenvollſten Nacht.
597 3389 3317 3652 Wie oft ſchon wiederholt ſich’s! Wird ſich im̄erfort
580 3566 3317 3826 In’s Ewige wiederholen... Keiner gönnt das Reich
549 3761 3338 4003 Dem Andern, dem gön̄t’s keiner der’s mit Kraft erwarb
573 3935 3328 4201 Und kräftig herrſcht. Den̄ jeder, der ſein in̄res Selbſt
583 4164 3331 4403 Nicht zu regieren weiß, regierte gar zu gern
552 4311 3317 4570 Des Nachbars Willen, eignem ſtolzen Sinn gemäß...
500 4474 3353 4893 Hier aber ward ein großes Beyſpiel durchgekämpft,
2092 4672 2310 4768 erem
474 4715 3235 5052 Wie ſich Gewalt Gewaltigſtem entgegenſtellt,
3119 593 3225 720 2
