4096 6144
1423 853 1809 1017 Knabe.
812 996 2737 1191 Hier ſeht mich nur ein Schnippchen ſchlagen,
819 1136 2771 1334 Schon glänzt’s und glitzert’s um den Wagen.
812 1303 2594 1484 Da ſpringt eine Perlenſchnur hervor,
1556 1419 3010 1600 /: immerfort umherſchnippend :/
829 1553 2880 1747 Nehmt goldne Spange für Hals und Ohr;
805 1699 2645 1884 Auch Kamm und Krönchen ohne Fehl,
836 1850 2372 2007 In Ringen köſtlichſtes Juwel.
863 1962 2252 2092 Auch Flämmchen ſpend ich dann und wann
880 2027 1930 2170 Erwartend wo es zünden kann.
1428 2099 1771 2227 Herold.
839 2174 2805 2348 Wie greift und haſcht die liebe Menge!
836 2338 2775 2512 Faſt kommt der Geber ins Gedränge.
846 2478 2652 2655 Kleinode ſchnippt er wie in Traum
853 2635 2658 2798 Und alles haſcht im weiten Raum.
822 2775 2457 2949 Doch da erleb’ ich neue Pfiffe;
856 2932 2515 3099 Was einer noch ſo emſig griffe
836 3082 2655 3266 Deß hat er wirklich ſchlechten Lohn,
832 3252 2556 3406 Die Gabe flattert ihm davon.
836 3406 2549 3580 Es löst ſich auf das Perlenband,
843 3560 2703 3744 Ihm krabeln Käfer in der Hand,
836 3751 2781 3904 Er wirft ſie weg, der arme Tropf,
839 3894 2829 4061 Und ſie umſummen ihm den Kopf.
849 4055 2542 4235 Die andern ſtatt ſolider Dinge
846 4191 2645 4427 Erhaſchen frevle Schmetterlinge.
860 4369 2826 4563 Wie doch der Schelm ſo viel verheißt,
849 4522 2996 4727 Und imnur verleiht was golden gleiſt!
1324 4700 2041 4840 Knabe Lenker
819 4843 3194 5017 Zwar Masken, merk’ ich, weiſ’t du zu verkünden,
836 4973 2734 5137 Allein der Schaale Weſen zu ergründen
853 5099 2447 5280 Sind Herolds Hofgeſchäfte nicht;
849 5229 2355 5382 Das fordert ſchärferes Geſicht.
853 5338 2498 5492 Doch hüt ich mich vor jeder Fehde;
832 5430 2771 5625 An dich Gebieter wend ich meine Rede.
