4096 6144
2078 812 2539 969 Kaiſer.
1187 1000 3863 1208 Durch meinen ſchweren Fehl bin ich ſo tief erſchreckt,
1170 1181 3891 1392 Die Gränze ſey von dir nach eignem Maas geſteckt.
2068 1361 2665 1576 Erzbiſchoff.
1208 1559 3911 1744 Erſt! der entweihte Raum wo man ſich ſo verſündigt,
1215 1675 3781 1850 Sey alſobald zum Dienſt des Höchſten angekündigt.
1211 1788 3689 1928 Behende ſteigt im Geiſt Gemäuer ſtark empor,
1187 1894 3894 2092 Der Morgenſonne Blick erleuchtet ſchon das Chor,
1181 2061 3874 2259 Zum Kreuz erweitert ſich das wachſende Gebäude,
1184 2222 3911 2440 Das Schiff erlängt, erhöht ſich zu der Gläubigen Freude,
1208 2385 3894 2590 Sie ſtrömen brünſtig ſchon, durchs würdige Portal,
1181 2549 3904 2757 Der erſte Glockenruf erſcholl durch Berg und Thal,
1232 2713 3908 2928 Von hohen Thürmen tönt’s, wie ſie zum Him̄el ſtreben,
1191 2863 3860 3102 Der Büßer kom̄t heran, zu neugeſchaffnem Leben.
1177 3041 3700 3263 Dem hohen Weihetag, er trete bald herein!
1235 3269 3809 3467 Wird deine Gegenwart die höchſte Zierde ſeyn.
2065 3433 2549 3580 Kaiſer.
1215 3597 3901 3816 Mag ein ſo großes Werk den from̄en Sinn verkündigen,
1170 3781 3904 4007 Zu preiſen Gott den Herrn, ſo wie mich zu entſündigen.
1194 3952 3754 4201 Genug! Ich fühle ſchon wie ſich mein Sinn erhöht.
2082 4133 2757 4321 Erzbiſchoff.
1181 4280 3829 4502 Als Canzler fördr’ ich nun Schluß und Formalität.
2024 4491 2556 4703 Kaiſer.
1194 4672 3846 4870 Ein förmlich Document der Kirche das zu eignen
1191 4857 3795 5092 Du legſt es vor, ich wills mit Freuden unterzeichnen.
