4096 6144
1546 727 3430 884 Den erſten jetzt in der gelehrten Welt!
1583 873 3321 1020 Er iſt’s allein der ſie zuſammenhält,
1549 1010 3358 1167 Der Weisheit täglicher Vermehrer.
1549 1160 3307 1317 Allwißbegierige Horcher, Hörer
1563 1286 3293 1471 Verſammeln ſich um ihn zu Hauf.
1580 1457 3225 1617 Er leuchtet einzig vom Catheder;
1549 1604 3570 1757 Die Schlüſſel übt er wie Sankt Peter,
1556 1730 3652 1911 Das Untre ſo das Obre ſchließt er auf.
1559 1884 3450 2061 Wie er vor Allen glüht und funkelt,
1563 2041 3638 2187 Kein Ruf, kein Ruhm hält weiter ſtand;
1556 2119 2216 2252 Selbſt Fauſtus
1553 2194 3577 2334 Des Meiſters Name wird verdunkelt,
1566 2331 3123 2488 Er iſt es, der allein erfand.
2053 2462 2595 2682 Famulus.
1546 2655 3870 2843 Verzeiht! Hochwürdiger Herr! wenn ich euch ſage,
1559 2809 3290 2979 Wenn ich zu widerſprechen wage:
1546 2962 3372 3116 Von allem dem iſt nicht die Frage,
1556 3099 3546 3273 Beſcheidenheit iſt ſein beſchieden Theil.
1556 3256 3293 3420 Ins unbegreifliche Verſchwinden
1539 3389 3884 3570 Des hohen Manns weißer ſich nicht zu finden,
1536 3560 3932 3737 Von deſſen Wiederkunft erfleht er Troſt und Heil.
1515 3723 3812 3908 Das Zimmer, wie zu Doctor Fauſtus Tagen,
1549 3884 3416 4058 Noch unberührt ſeitdem er fern,
1536 4041 3269 4229 Erwartet ſeinen alten Herrn.
1518 4225 3601 4403 Kaum wag’ ich’s mich herein zu wagen.
1536 4382 3584 4553 Was muß die Sternenſtunde ſeyn? –
1539 4567 3553 4730 Gemäuer ſcheint mir zu erbangen;
1559 4710 3638 4911 Thürpfoſten bebten, Riegel ſprangen,
1553 4867 3368 5055 Sonſt kamt ihr ſelber nicht herein.
