4096 6144
1387 819 1802 1049 Phork:
880 1068 3153 1262 Vampyren„Zähne glänzen dir im frechen Maul.
1361 1223 1838 1448 Chorführ:
884 1437 3218 1679 Das deine ſtopf’ ich wenn ich ſage wer du ſeyſt.
1358 1597 1785 1815 Phork:
935 1778 3215 2017 So nenne dich zuerſt, das Räthſel hebt ſich auf.
1375 1949 1788 2143 Helena.
931 2164 3351 2362 Nicht zürnend, aber traurend ſchreit ich zwiſchen euch,
918 2321 3205 2522 Verbietend ſolches Wechſelſtreites Ungeſtüm;
921 2512 3345 2693 Denn ſchädlicheres begegnet nichts dem Herrſcherherrn
901 2669 3317 2833 Als treuer Diener heimlich unterſchworner Zwiſt.
901 2822 3338 3051 Das Echo ſeiner Befehle kehrt alsdann nicht mehr
921 2979 3379 3230 In ſchnell vollbrachter That, wohlſtimmig ihm zurück,
921 3160 3095 3362 Nein, eigenwillig brauſend toſ’t es um ihn her,
907 3348 3123 3515 Den ſelbſtverirrten, ins Vergeb’ne ſcheltenden.
911 3505 3119 3689 Dieß nicht allein. Ihr habt in ſitteloſem Zorn,
907 3672 3102 3836 Unſel’ger Bilder Schreckgeſtalten hergebannt,
911 3809 3363 4080 Die mich umdrängen, daß ich ſelbſt zum Orkus mich
911 4003 3133 4225 Geriſſen fühle, vaterländ’ſcher Flur zum Trutz.
911 4183 3328 4413 Iſt’s wohl Gedächtniß? war es Wahn, der mich
2307 4348 2833 4502 ergreift?
947 4490 3353 4761 War ich das alles? Bin ich’s? Werd ich’s künftig ſeyn
