4096 6144
2024 877 2515 1064 Mephiſt.
1385 1024 3877 1221 Wie leicht iſt das! hörſt du die Trom̄eln fern?
2013 1187 2375 1361 Fauſt.
1368 1334 3949 1532 Schon wieder Krieg! der kluge hörts nicht gern.
2051 1549 2556 1733 Mephiſt.
1402 1706 3901 1904 Krieg oder Frieden. Klug iſt das Bemühen
1402 1853 3660 2094 Zuſeinem Vortheil etwas auszuziehen.
1447 2082 3938 2256 Man paßt, man merkt auf jedes günſtige Nu.
1402 2237 3906 2478 Gelegenhei iſt da, nun, Fauſte greife zu.
1938 2467 2416 2689 Fauſt.
1419 2686 3874 2863 Mit ſolchem Räthſelkram verſchone mich!
1426 2874 3857 3082 Und kurz und gut, was ſolls? Erkläre dich.
2054 3102 2577 3304 Mephiſt.
1399 3263 3870 3454 Auf meinem Zuge blieb mir nicht verborgen
1378 3450 3887 3621 Der gute Kaiſer ſchwebt in großen Sorgen,
1368 3624 3857 3802 Du kennſt ihn ja. Als wir ihn unterhielten,
1382 3773 3896 3998 Ihm falſchen Reichthum in die Hände ſpielten,
1406 3979 3512 4130 Da war die ganze Welt ihm feil.
1387 4111 3737 4321 Denn jung ward ihm der Thron zu Theil,
1426 4290 3693 4457 Und ihm beliebt’ es falſch zu ſchlieſſen:
1419 4444 3119 4614 Es könne wohl zuſam̄engehn,
1423 4561 3783 4792 Und ſey recht wünſchenswerth und ſchön,
1396 4730 3389 4911 Regieren und zugleich genießen.
2020 4840 2351 5007 Fauſt.
1457 4969 3754 5123 Ein großer Irrthum. Wer befehlen ſoll,
1457 5082 3539 5242 Muß im Befehlen Seligkeit empfinden.
1454 5196 3681 5376 Ihm iſt die Bruſt von hohem Willen voll,
1443 5335 3918 5509 Doch was er will, es darfs kein Menſch ergründen.
