4096 6144
1402 945 3549 1116 Nach drüben iſt die Ausſicht uns verrannt;
1409 1085 3857 1259 Thor! wer dorthin die Augen blinzelnd richtet,
1399 1221 3529 1399 Sich über Wolken ſeines gleichen dichtet;
1426 1368 3389 1556 Er ſtehe feſt und ſehe hier ſich um;
1382 1512 3799 1672 Dem Tüchtigen iſt dieſe Welt nicht ſtumm,
1419 1652 3904 1829 Was braucht er in die Ewigkeit zu ſchweifen,
1409 1795 3556 1959 Was er erkennt läßt ſich ergreifen;
1467 1945 3508 2099 Er wandle ſo den Erdentag entlang;
1409 2078 3795 2249 Wenn Geiſter ſpuken geh er ſeinen Gang,
1428 2191 3896 2411 Im Weiterſchreiten find er Quaal und Glück,
1307 2365 3758 2549 Er! unbefriedigt in jeden Augenblick.
2160 2529 2636 2739 Sorge.
1897 2676 3525 2850 Wen ich einmal mir beſitze
1884 2800 3640 2974 Dem iſt alle Welt nichts nütze,
1935 2955 3737 3106 Ewiges Düſtre ſteigt herunter,
1914 3082 3758 3242 Sonne geht nicht auf noch unter,
1931 3235 3853 3375 Bey vollkom̄nen äußern Sinnen
1918 3368 3659 3522 Wohnen Finſterniſſe drinnen.
1904 3471 3773 3671 Und er weiß von allen Schätzen
1894 3618 3522 3795 Sich nicht in Beſitz zu ſetzen.
1928 3758 3894 3928 Glück und Unglück wird zur Grille,
1962 3884 3594 4055 Er verhungert in der Fülle,
1925 4010 3604 4194 Sey es Wonne ſey es Plage
1918 4164 3741 4345 Schiebt ers zu dem andern Tage,
1983 4283 3840 4481 Iſt der Zukunft nur gewärtig
1930 4408 3896 4643 Und ſo wird er niemals fertig.
2112 4563 2522 4724 Fauſt.
1423 4700 3788 4940 Hör auf! ſo kommſt du mir nicht bey!
1443 4879 3681 5068 Ich mag nicht ſolchen Unſinn hören.
1457 5010 3386 5201 Fahrhin! die ſchlechte Litaney
1481 5150 3921 5341 Sie könnte ſelbſt den klügſten Mann bethören.
