4096 6144
2000 638 2375 815 Meph.
1310 822 3034 1024 Du wähnſt es füge ſich ſogleich;
1358 952 3597 1143 Hier ſtehen wir vor ſteilern Stufen,
1355 1119 3341 1286 Greifſt in ein fremdeſtes Bereich,
1361 1256 3682 1433 Machſt frevelhaft am Ende neue Schulden,
1358 1402 3676 1594 Denkſt Helenen ſo leicht hervorzurufen
1358 1570 3761 1761 Wie das Papiergeſpenſt der Gulden.
1075 1761 1244 1925 e?
1358 1727 3833 1921 Mit Hexen=Fexen, mit Geſpinſt=Geſpinnſten,
1341 1884 3840 2082 Kielkröpfigen Zwergen ſteh ich gleich zu Dienſten;
1351 2027 3857 2235 Doch Teufels=Liebchen, wenn auch nicht zu ſchelten,
1372 2198 3607 2382 Sie können nicht für Heroinen gelten.
2095 2382 2515 2563 Fauſt.
1399 2583 3573 2751 Da haben wir den alten Leyerton!
1419 2740 3775 2914 Bey dir geräth man ſtets ins Ungewiſſe.
1413 2897 3662 3058 Der Vater biſt du aller Hinderniſſe,
1385 3048 3659 3229 Für jedes Mittel willſt du neuen Lohn.
1426 3208 3771 3382 Mit wenig Murmeln, weiß ich, iſt’s gethan,
1423 3368 3850 3580 Wie man ſich umſchaut bringſt du ſie zur Stelle.
2228 3577 2587 3737 Meph.
1409 3727 3334 3898 Das Haidenvolk geht mich nicht an,
1474 3887 3413 4075 Es hauſt in ſeiner eignen Hölle;
1423 4041 2877 4205 Doch giebts ein Mittel.
2181 4160 2583 4362 Fauſt.
2368 4321 3816 4526 Sprich, und ohne Säumniß,
1447 4614 3768 4795 Ungern entdeck’ ich höheres Geheimniß. –
2191 4502 2566 4662 Meph.
1450 4754 3635 4915 Göttinnen thronen hehr in Einſamkeit,
1457 4874 3587 5038 Um ſie kein Ort noch weniger eine Zeit,
1464 5010 3345 5195 Von ihnen ſprechen iſt Verlegenheit.
1448 5125 2693 5309 Die Mütter ſind es!
