4096 6144
2000 815 2235 1006 Chor
1423 996 1901 1170 Aber wir?
1952 1088 2297 1307 Phork:
1826 1269 3833 1477 Ihr wißt es deutlich, ſeht vor Augen ihren Tod,
1440 1413 3826 1655 Merkt den eurigen da drinne; nein zu helfen iſt euch nicht.
1832 1563 2399 1768 /: Pauſe :/
1894 1733 2297 1918 Helena.
1454 1848 3681 2063 Ich ſann mir aus das Nächſte was ich wagen darf.
1430 2020 3461 2177 Ein Widerdämon biſt du, das empfind’ ich wohl,
1454 2170 3604 2327 Und fürchte, Gutes wendeſt du zum Böſen um.
1454 2327 3532 2501 Vor allem aber folgen will ich dir zur Burg;
1438 2462 3454 2662 Das andre weiß ich; was die Königin dabey
1464 2638 3642 2850 In tiefem Buſen geheimnißvoll verbergen mag,
1464 2802 3372 3037 Sey jedem unzugänglich. Alte! geh voran.
1925 3007 2201 3194 Chor.
1645 3191 2860 3362 O wie gern gehen wir hin,
1621 3351 2484 3508 Eilenden Fußes;
1607 3481 2503 3681 Hinter uns Tod,
1638 3662 2505 3802 Vor uns abermals
1614 3805 2437 3986 Ragender Veſte
1617 3973 2662 4160 Unzugängliche Mauer.
1631 4130 2723 4293 Schütze ſie eben ſo gut
1621 4256 2775 4457 Hinter uns Tod,
1614 4430 2505 4580 Die doch endlich nur
1621 4546 2809 4765 Niederträchtiger Liſt erlag.
1889 4710 3763 4915 /: Nebel verbreiten ſich, umhüllen den Hinter„
1996 4867 3461 5055 grund, auch die Nähe, nach Belieben :/
