4096 6144
2570 778 2662 860 i
2017 773 3450 1039 /: Auf Sphynxe bezüglich :/
1389 1003 3679 1194 Vor ſolchen hat einſt Oedipus geſtanden;
2065 1170 3403 1348 /: Auf Sirenen bezügl. /
1409 1307 3986 1525 Vor ſolchen krüm̄te ſich Ulyſſ in hänfnen Banden;
2044 1484 3106 1679 /: Auf Ameiſen bez. /
1416 1641 3785 1843 Von ſolchen ward der höchſte Schatz geſpart;
2030 1809 3072 2003 /: Auf Greife bez :/
1409 1986 3669 2181 Von dieſen treu und ohne Fehl bewahrt.
1416 2167 3973 2372 Vom friſchen Geiſte fühl’ ich mich durchdrungen,
1416 2341 3829 2556 Geſtalten groß, groß die Erinnerungen.
2222 2554 2636 2754 Meph.
1426 2734 3829 2938 Sonſt hätteſt du dergleichen weggeflucht,
1433 2932 3669 3102 Doch jetzo ſcheint es dir zu from̄en;
1423 3099 3481 3276 Denn wo man die Geliebte ſucht,
1430 3273 3611 3457 Sind Ungeheuer ſelbſt willkom̄en.
2083 3456 3768 3727 Fauſt /: zu den Sphynxen :/
3322 3379 3425 3522 i
1471 3700 3904 3877 Ihr Frauenbilder müßt mir Rede ſtehn:
1467 3887 3805 4078 Hat eins der Euren Helena geſehn?
2421 4065 2503 4152 i
2160 4080 2718 4311 Sphynxe.
1477 4304 3754 4488 Wir reichen nicht hinauf zu ihren Tagen,
1440 4491 3829 4679 Die letzteſten hat Herkules erſchlagen.
1443 4662 3741 4853 Von Chiron könnteſt dus erfragen;
1423 4853 3962 5038 Der ſprengt herum in dieſer Geiſternacht,
1467 5014 3966 5225 Wenn er dir ſteht ſo haſt du’s weit gebracht.
