4096 6144
3218 552 3300 672 52
1143 709 1839 952 Aſtrolog.
621 948 3150 1102 Nur noch ein Wort! Nach allem was geſchah
638 1095 3147 1266 Nenn ich das Stück: den Raub der Helena.
1317 1239 1737 1416 Fauſt.
655 1358 3304 1525 Was Raub! Bin ich für nichts an dieſer Stelle!
689 1498 3136 1699 Iſt dieſer Schlüſſel nicht in meiner Hand!
658 1655 3273 1856 Er führte mich, durch Graus und Wog’ und Welle
624 1822 3031 2010 Der Einſamkeiten, hier zum feſten Stand.
628 1979 3235 2167 Hier faß ich Fuß! Hier ſind es Wirklichkeiten,
614 2143 3290 2331 Von hieraus darf der Geiſt mit Geiſtern ſtreiten,
597 2310 3044 2498 Das Doppelreich, das große, ſich bereiten.
638 2467 3235 2655 So fern ſie war, wie kann ſie näher ſeyn.
645 2641 2935 2819 Ich rette ſie und ſie iſt doppelt mein.
641 2792 3304 2993 Gewagt! Ihr Mütter! Mütter müßt's gewähren.
658 2976 3290 3153 Wer ſie erkannt der darf ſie nicht entbehren.
1481 3133 2041 3382 Aſtrolog.
669 3328 3229 3498 Was thuſt du Fauſte! Fauſte! – Mit Gewalt
610 3478 3164 3659 Faßt er ſie an, ſchon trübt ſich die Geſtalt.
648 3655 3109 3822 Den Schlüſſel kehrt er nach dem Jüngling zu,
628 3812 3191 3983 Berührt ihn! – Weh uns, Wehe! Nu! im Nu!
1075 3962 3230 4162 /: Exploſion, Fauſt liegt am Boden. Die
1320 4109 2969 4307 Geiſter gehen in Dunſt auf :/
1491 4311 3246 4478 Meph. /: der Fauſten auf die
2030 4457 3167 4601 Schulter nimmt :/
665 4631 3048 4802 Da habt ihr’s nun! Mit Narren ſich beladen,
1684 4741 2298 4864 dem Teufel
672 4795 3048 4976 Das kommt zuletzt uns ſelbſt zu Schaden.
1280 4962 2594 5167 /: Finſterniß, Tummult :/
1378 5365 2577 5519 Ende des erſten Acts.
