4096 6144
477 812 556 938 2
1437 921 1805 1095 Herold.
819 1153 2594 1320 Die jetzo kom̄en werdet ihr nicht kennen
839 1283 2839 1474 Wärt ihr noch ſo gelehrt in alten Schriften;
836 1443 2805 1621 Sie anzuſehn die ſo viel Uebel ſtiften
798 1611 2836 1788 Ihr würdet ſie willkom̄ne Gäſte nennen.
863 1829 2925 1993 Die Furien ſind es, niemand wird uns glauben,
880 1962 2993 2153 Hübſch, wohlgeſtaltet, freundlich, jung von Jahren;
884 2123 2850 2276 Laßt euch mit ihnen ein ihr ſollt erfahren
901 2256 2816 2423 Wie ſchlangenhaft verletzen ſolche Tauben.
870 2457 3000 2645 Zwar ſind ſie tückiſch, doch am heutigen Tage
904 2618 2990 2778 Wo jeder Narr ſich rühmet ſeiner Mängel,
856 2757 3061 2942 Auch ſie verlangen nicht den Ruhm als Engel,
897 2921 2897 3082 Bekennen ſich als Stadt= und Landesplage.
1454 3017 2071 3150 Die Furien.
1457 3160 1945 3276 Alecto.
904 3283 3003 3433 Was hilft es euch, ihr werdet uns vertrauen,
901 3413 3351 3577 Denn wir ſind hübſch und jung und Schmeichelkätzchen,
911 3556 3010 3717 Hat einer unter euch ein Liebe=Schätzchen;
918 3700 3037 3863 Wir werden ihm ſo lange die Ohren krauen
911 3935 3024 4106 Bis wir ihm ſagen dürfen, Aug an Auge
2481 3884 2577 3973 in
938 4072 3078 4235 Daß ſie zugleich auch dem und jenem winke,
942 4225 3205 4375 Im Kopfe dumm, im Rücken krumm, und hinke,
948 4386 3276 4549 Und, wenn ſie ſeine Braut iſt, gar nichts tauge.
938 4645 3102 4802 So wiſſen wir die Braut auch zu bedrängen:
959 4799 3119 4973 Es hat ſogar der Freund, vor wenig Wochen,
969 4945 2990 5113 Verächtliches von ihr zu der geſprochen!
1078 5109 3181 5290 Verſöhnt man ſich ſo bleibt doch etwas hängen.
3130 665 3310 839 26
