4096 6144
2088 757 2406 967 Meph.
1508 945 3382 1102 Hier dacht’ ich lauter Unbekannte,
1501 1119 3447 1266 Und finde leider Nahverwandte;
1505 1276 3450 1450 Es iſt ein altes Buch zu blättern:
1498 1416 3727 1658 Vom Harz bis Hellas immer Vettern!
2003 1652 2553 1846 Empuſe.
1518 1822 3539 2024 Entſchieden weiß ich gleich zu handeln,
1477 1993 3628 2170 In vieles könnt’ ich mich verwandeln;
1467 2177 3331 2375 Doch euch zu Ehren hab’ ich jetzt
1474 2344 3348 2549 Das Eſelsköpfchen aufgeſetzt.
2034 2597 2416 2778 Meph.
1454 2737 3584 2925 Ich merk’ es hat bey dieſen Leuten
1440 2911 3723 3109 Verwandtſchaft Großes zu bedeuten;
1454 3119 3768 3307 Doch mag ſich was auch will eräugnen,
1457 3287 3614 3481 Den Eſelskopf möcht’ ich verläugnen.
1993 3536 2590 3642 Lamien.
1481 3676 3529 3867 Laß dieſe Garſtige, ſie verſcheucht,
1457 3843 3584 4037 Was irgend ſchön und lieblich däucht;
1498 4017 3546 4184 Was irgend ſchön und lieblich wär,
1481 4198 3659 4362 Sie kommt heran, es iſt nicht mehr!
2095 4396 2471 4567 Meph.
1419 4567 3747 4785 Auch dieſe Mühmchen, zart und ſchmächtig,
1491 4765 3539 4932 Sie ſind mir alleſamt verdächtig;
1498 4901 3727 5106 Und hinter ſolcher Wänglein Roſen
1440 5075 3553 5256 Fürcht’ ich doch auch Metamorphoſen.
