4096 6144
1300 897 2010 1088 Luſtgarten.
1382 1095 2078 1269 Morgenſonne.
836 1208 3153 1409 Der Kaiſer, deſſen Hofſtaat, Männer und
1027 1361 3095 1549 Frauen; Fauſt, Mephiſto, / anſtändig nicht
1054 1501 3324 1710 auffallend nach Sitte gekleidet, beyde knieen.)
1553 1682 1873 1846 Fauſt
750 1771 3126 1983 Verzeihſt du Herr das Flammengaukelſpiel?
1505 1931 3191 2140 Kaiſer /: zum Aufſtehen winkend :/
757 2112 2952 2304 Ich wünſche mir dergleichen Scherze viel. –
740 2242 2952 2443 Auf einmal ſah ich mich in glühender Sphäre,
761 2392 2932 2573 Es ſchien mir faſt als ob ich Pluto wäre.
747 2519 2908 2720 Aus Nacht und Kohlen lag ein Felſengrund,
768 2645 3133 2877 Von Flämchen glühend. Dem und jenem Schlund
744 2816 2887 3020 Aufwirbelten viel Tauſend wilde Flam̄en,
774 2976 2921 3164 Und flackerten in Ein Gewölb zuſam̄en.
761 3119 2795 3310 Zum höchſten Dome züngelt es empor,
774 3293 2945 3430 Der immer ward und im̄er ſich verlor.
781 3403 3170 3597 Durch fernen Raum gewundner Feuerſäulen
805 3556 2914 3734 Sah ich bewegt der Völker lange Zeilen,
812 3693 2966 3870 Sie drängten ſich im weiten Kreis heran
839 3846 2955 4010 Und huldigten, wie ſie es ſtets gethan.
819 3997 3218 4164 Von meinem Hof erkannt’ ich ein und andern,
824 4126 3220 4357 Ich ſchien ein Fürſt von tauſend Salamandern.
1505 4345 2010 4522 Mephiſto.
853 4481 2911 4642 Das biſt du Herr! Weil jedes Element
846 4625 2809 4795 Die Majeſtät als unbedingt erkennt.
870 4778 2856 4959 Gehorſam Feuer haſt du nun erprobt,
887 4904 3133 5079 Wirf dich ins Meer wo es am wildſten tobt,
877 5048 3106 5218 Und kaum betrittſt du perlenreichen Grund
877 5178 2959 5376 So bildet wallend ſich ein herrlich Rund;
