4096 6144
1324 723 2761 901 Lamien. /: inne haltend :/
785 911 2761 1085 Halt! er beſinnt ſich, zaudert, ſteht;
791 1071 3000 1262 Entgegnet ihm daß er euch nicht entgeht!
1402 1239 2778 1413 Meph. /: fortſchreitend :/
942 1295 1392 1515 Nur zu!
901 1409 2826 1597 Hör auf und laß dich ins Gewebe
894 1580 2734 1774 Der Zweifeley nicht thörig ein;
914 1740 2853 1894 Denn wenn es keine Hexen gäbe,
918 1890 2884 2088 Wer Teufel möchte Teufel ſeyn!
1375 2102 2761 2283 Lamien /: anmuthigſt :/
921 2288 2749 2493 Kreiſen wir um dieſen Helden;
914 2491 2703 2638 Liebe wird in ſeinem Herzen
918 2641 2655 2850 Sich gewiß für Eine melden.
1471 2860 1877 3065 Meph.
914 3010 2877 3198 Zwar mit ungewiſſen Schimmer
914 3188 2884 3368 Scheint ihr hübſche Frauenzim̄er,
918 3362 2884 3536 Und ſo möcht’ ich euch nicht ſchelten.
1423 3539 2816 3727 Empuſe. /: eindringend :/
880 3706 2604 3898 Auch nicht mich! als eine ſolche
897 3901 2655 4082 Laßt mich ein in eure Folge.
1402 4048 1931 4188 Lamien.
890 4157 2826 4352 Die iſt in unſerm Kreis zuviel,
907 4345 2983 4498 Verdirbt doch immer unſer Spiel.
1413 4474 2739 4715 Empuſe /: zu Mephiſt :/
894 4672 2812 4857 Begrüßt von Mühmichen Empuſe,
870 4812 2851 5002 Der Trauten mit dem Eſelsfuße;
906 4961 2862 5155 Du haſt nur einen Pferdefuß
918 5126 3099 5314 Und doch, Herr Vetter, ſchönſten Gruß!
