4096 6144
955 1037 3273 1239 Ja auf einmal wird es düſter, ohne Glanz entſchwebt
2075 1177 2624 1324 der Nebel
1495 1310 1648 1479 lich
2237 1320 2447 1474 lich
952 1356 3164 1602 Dunkelgräuund, mauerbraün. Mauern ſtellen ſich
2136 1525 2655 1665 dem Blicke
1198 1602 1285 1704 i
993 1597 3177 1860 Freyem Blicke ſtarr entgegen. Iſt’s ein Hof?
2146 1781 2986 1955 iſt’s tiefe Grube?
993 1935 3174 2153 Schauerlich in jedem Falle! Schweſtern ach! wir
2133 2102 2788 2307 ſind gefangen,
1010 2198 2170 2426 So gefangen wie nur je.
1474 2358 3283 2549 /: Innerer Burghof, umgeben von reichen
1607 2508 3235 2686 phantaſtiſchen Gebäuden des Mittel„
1604 2658 2024 2812 alters :/
1617 2785 1945 3046 Chorf:
1051 2914 3321 3160 Vorſchnell und thöricht, ächt wahrhaftes Weibsgebild!
1000 3123 3123 3324 Vom Augenblick abhängig, Spiel der Witterung,
986 3283 3304 3481 Des Glücks und Unglücks, keins von beiden wißt ihr je
972 3461 3310 3700 Zu beſtehn mit Gleichmuth. Eine widerſpricht ja ſtets
969 3631 2973 3857 Der andern heftig, überquer die andern ihr;
969 3836 3328 4031 In Freud und Schmerz nur heult und lacht ihr gleichen Ton’s.
969 4017 3198 4218 Nun ſchweigt! und wartet horchend was die Herrſcherin
965 4188 3116 4420 Hochſinnig hier beſchließen mag für ſich und uns.
1541 4372 1950 4592 Helena.
904 4549 3143 4741 Wo biſt du Pythoniſſa? heiße wie du magſt,
979 4710 3242 4925 Aus dieſen Gewölben tritt hervor der düſtern Burg.
