4096 6144
1327 815 1867 983 Seismos.
832 1054 2720 1211 Das hab’ ich ganz allein vermittelt,
853 1218 2775 1368 Man wird mir’s endlich zugeſtehn;
849 1361 3188 1539 Und hätt’ ich nicht geſchüttelt und gerüttelt,
849 1518 2771 1696 Wie wäre dieſe Welt ſo ſchön?
849 1699 2812 1877 Wie ſtänden eure Berge droben
839 1887 2897 2051 In prächtig=reinem Aetherblau,
873 2058 2925 2235 Hätt’ ich ſie nicht hervorgeſchoben,
832 2211 2850 2402 Zu maleriſch=entzückter Schau!
822 2375 2894 2583 Als, Angeſichts der höchſten Ahnen,
856 2553 3235 2754 Der Nacht, des Chaos, ich mich ſtark betrug
860 2744 2853 2908 Und, in Geſellſchaft von Titanen,
856 2897 3215 3089 Mit Pelion und Oſſa als mit Ballen ſchlug.
873 3082 3068 3276 Wir tollten fort in jugendlicher Hitze,
877 3252 2566 3420 Bis überdrüſſig, noch zuletzt,
866 3416 3225 3580 Wir dem Parnaß, als eine Doppelmütze,
856 3597 3266 3771 Die beiden Berge frevelnd aufgeſetzt....
846 3771 2867 3935 Apollen hält ein froh Verweilen,
846 3952 3143 4109 Dort nun mit ſeliger Muſen Chor.
877 4099 3276 4287 Selbſt Jupitern und ſeinen Donnerkeilen
884 4276 2836 4464 Hob’ ich den Seſſel hoch empor.
897 4450 3089 4642 Jetzt ſo, mit ungeheurem Streben,
873 4628 3020 4795 Drang aus dem Abgrund ich herauf
901 4785 3048 4959 Und fordere laut, zu neuem Leben,
901 4928 2754 5126 Mir fröhliche Bewohner auf.
