4096 6144
1336 1054 3752 1269 Die Roſſe lenkend auf der feuchten Wieſe Schmuck,
1367 1208 3496 1433 Bis daß zur ſchönen Ebene du gelangen magſt,
1368 1385 3563 1542 Wo Lakedämon einſt ein fruchtbar weites Feld,
1389 1553 3638 1686 Von ernſten Bergen nah umgeben, angebaut.
1372 1699 3710 1863 Betrete dann das hochgethürmte Fürſtenhaus
1368 1832 3594 2000 Und muſtere mir die Mägde, die ich dort zurück
1382 1959 3580 2133 Gelaſſen, ſamt der klugen alten Schaffnerin.
1368 2109 3638 2280 Die zeige dir der Schätze reiche Sam̄lung vor,
1396 2256 3805 2413 Wie ſie dein Vater hinterließ und die ich ſelbſt
1377 2396 3799 2575 In Krieg und Frieden, ſtets vermehrend, aufgehäuft.
1368 2539 3601 2699 Du findeſt alles nach der Ordnung ſtehen: denn
1382 2688 3676 2877 Das iſt des Fürſten Vorrecht daß er alles treu
1396 2850 3539 3044 In ſeinem Hauſe, wiederkehrend, finde, noch
1385 3013 3573 3184 An ſeinem Platze jedes wie er’s dort verlies.
1361 3128 3834 3374 Denn nichts zu ändern hat für ſich der Knecht Gewalt.
1996 3415 2334 3660 Chor.
1617 3573 3292 3814 Erquicke nun am herrlichen Schatz,
1621 3747 3502 3915 Dem ſtets vermehrten, Augen und Bruſt;
1628 3863 3665 4027 Denn der Kette Zier, der Krone Geſchmuck
1612 3983 3655 4218 Da ruhn ſie ſtolz und ſie dünken ſich was;
1600 4171 2600 4328 Doch tritt nur ein
1590 4273 2635 4464 Und fordre ſie auf,
1614 4413 2761 4587 Sie rüſten ſich ſchnell.
1597 4529 3549 4706 Mich freut zu ſehn Schönheit in dem Kampf
1611 4652 3433 4901 Gegen Gold und Perlen und Edelgeſtein.
