4096 6144
1914 866 3785 1088 Pater profundus. / Tiefe Region :/
1387 1054 3276 1254 Wie Felſenabgrund mir zu Füßen
1372 1245 3498 1426 Auf tiefem Abgrund laſtend ruht,
1402 1413 3816 1604 Wie tauſend Bäche ſtrahlend fließen
1377 1571 3840 1802 Zum grauſen Sturz des Schaums der Flut,
1387 1751 3829 1991 Wie ſtrack, mit eignem kräftigen Triebe,
1367 1925 3768 2170 Der Stamm ſich in die Lüfte trägt,
1351 2136 3471 2341 So iſt es die allmächtige Liebe
1346 2288 3210 2534 Die alles bildet alles hegt.
1469 2554 3691 2800 Iſt um mich her ein wildes Brauſen,
1341 2757 3553 2959 Als wogte Wald und Felſengrund,
1367 2903 3660 3148 Und doch ſtürzt, liebevoll im Sauſen,
1355 3092 3505 3314 Die Waſſerfülle ſich zum Schlund,
1372 3266 3737 3517 Berufen gleich das Thal zu wäſſern;
1365 3447 3594 3696 Der Blitz der flam̄end niederſchlug
1382 3609 3532 3855 Die Atmoſphäre zu verbeſſern
1361 3763 3712 4039 Die Gift und Dunſt im Buſen trug;
1387 3947 3517 4172 Sind Liebesboten, ſie verkünden
1409 4130 3744 4345 Was ewig ſchlaffend uns umwallt.
1392 4280 3655 4490 Mein Inres mög’ es auch entzünden
1418 4408 3712 4669 Wo ſich der Geiſt, verworren kalt,
1416 4638 3884 4853 Verquält in ſtumpfer Sinne Schranken
1402 4766 3773 5078 Scharfangeſchloßnem Kettenſchmerz.
1397 4915 3747 5176 O Gott! beſchwichtige die Gedanken
1408 5094 3548 5386 Erleuchte mein bedürftig Herz.
