4096 6144
2119 781 2532 986 Chiron.
1559 965 3338 1150 Im hehren Argonautenkreiſe
1570 1119 3836 1307 War jeder brav nach ſeiner eignen Weiſe,
1563 1290 3723 1471 Und, nach der Kraft die ihn beſeelte,
1542 1460 3850 1634 Konnt’ er genügen, wo’s den andern fehlte.
1542 1614 3621 1812 Die Dioskuren haben ſtets geſiegt,
1559 1792 3932 1983 Wo Jugendfüll’ und Schönheit überwältigt.
3655 1710 3863 1843 iegt.
1559 1959 3938 2181 Entſchluß und ſchnelle That zu andrer Heil
1529 2136 3775 2334 Den Boreaden ward’s zum ſchönen Theil;
1549 2317 3921 2508 Nachſinnend, kräftig, klug, im Rath bequem,
1546 2495 3870 2682 So herrſchte Jaſon, Frauen angenehm.
1549 2669 3945 2853 Dann Orpheus, zart und immer ſtill bedächtig,
1553 2839 3768 3010 Schlug er die Leyer allen übermächtig.
1559 2993 3952 3205 Scharfſichtig Lynceus, der, bey Tag und Nacht,
1536 3170 3966 3368 Das heilge Schiff durch Klipp’ und Strand gebracht....
1542 3341 3843 3532 Geſellig nur läßt ſich Gefahr erproben:
1556 3512 3915 3655 Wenn einer wirkt, die andern alle loben.
2249 3723 2611 3915 Fauſt.
1546 3925 3648 4116 Von Herkules willſt nicht’s erwähnen?
2242 4126 2686 4300 Chiron.
1542 4280 3426 4450 O weh! errege nicht mein Sehnen...
1576 4423 3200 4613 Ich hatte Phöbus nie geſehn,
1553 4614 3809 4795 Noch Mars, noch Hermes, wie ſie heißen,
1884 4536 2211 4684 Ares,
1546 4788 3495 4962 Da ſah ich mir vor Augen ſtehn
1549 4966 3573 5150 Was alle Menſchen göttlich preiſen.
