<?xml version="1.0" encoding="UTF-8"  standalone="yes"?>
<PcGts xmlns="http://schema.primaresearch.org/PAGE/gts/pagecontent/2019-07-15" xmlns:xsi="http://www.w3.org/2001/XMLSchema-instance" xsi:schemaLocation="http://schema.primaresearch.org/PAGE/gts/pagecontent/2019-07-15 http://schema.primaresearch.org/PAGE/gts/pagecontent/2019-07-15/pagecontent.xsd">
  <Metadata>
	<Creator>escriptorium</Creator>
	<Created>2023-07-08T12:30:08.765963+00:00</Created>
        <LastChange>2023-07-08T12:30:08.765976+00:00</LastChange>

  </Metadata>
  <Page imageFilename="391098_0320_0.jpg" imageWidth="4096" imageHeight="6144">

    
    <TextRegion id="eSc_textblock_42281053"  custom="structure {type:text;}">
      <Coords points="2426,832 2539,955 3246,969 3519,1024 3532,1443 3696,1925 3628,2317 3723,2525 3669,2976 3710,3437 3587,3546 3382,3587 3560,3604 3645,3686 3983,3781 3928,4232 3969,4474 3792,4573 3723,4816 3358,4911 3314,4966 3710,5051 3792,5242 3751,5362 1662,5403 1542,5362 1570,4874 1501,3672 1529,3590 1788,3546 1611,3519 1501,3246 1570,2385 1542,1064 1597,969 1921,942 2170,819"/>
      
      
      <TextLine id="eSc_line_e6f0aa77" custom="structure {type:default;}">
        <Coords points="2068,962 2068,1037 2433,1013 2433,955 2423,863 2331,873 2324,870 2300,853 2297,853 2293,853 2290,853 2286,853 2283,853 2256,873 2252,877 2245,877 2177,853 2174,853 2170,853 2167,853 2065,887 2068,962"/>
        <Baseline points="2068,962 2433,955"/>
        <TextEquiv>
          <Unicode>Fauſt.</Unicode>
        </TextEquiv>
      </TextLine>

      
      
      <TextLine id="eSc_line_d74162a7" custom="structure {type:default;}">
        <Coords points="3444,1010 3423,1003 3287,1013 3276,1006 3242,986 3239,986 3235,986 3126,979 3123,979 3119,979 3116,979 3068,1013 3061,1017 3054,1013 2976,983 2973,983 2969,983 2966,983 2884,1010 2850,986 2846,986 2843,986 2737,986 2734,986 2730,986 2727,986 2679,1024 2676,1027 2676,1024 2638,996 2635,996 2631,996 2532,993 2529,993 2525,993 2447,1030 2440,1034 2416,1030 2317,1020 2314,1020 2310,1020 2273,1037 2269,1037 2201,1003 2198,1003 2194,1003 2191,1003 2187,1003 2146,1041 2143,1044 2058,1044 2041,1044 2013,1020 2013,1017 2010,1017 2007,1017 2003,1017 2000,1017 1996,1017 1996,1020 1966,1044 1966,1047 1938,1047 1890,1047 1843,1010 1839,1010 1836,1010 1713,1010 1710,1010 1706,1010 1566,1054 1570,1112 1570,1136 1607,1167 1611,1167 1614,1167 1617,1167 1621,1167 1624,1167 1665,1140 1754,1170 1757,1170 1761,1174 1832,1174 1832,1170 1836,1170 1839,1170 1839,1167 1867,1143 1931,1167 1935,1167 1938,1167 1942,1167 1945,1167 2010,1126 2082,1163 2085,1163 2088,1167 2153,1167 2153,1163 2239,1157 2242,1157 2331,1116 2409,1143 2413,1143 2416,1143 2536,1116 2580,1153 2583,1153 2587,1153 2590,1153 2665,1150 2669,1150 2672,1150 2672,1146 2713,1105 2935,1102 3024,1143 3027,1143 3031,1143 3481,1085 3481,1075 3474,1013 3444,1010"/>
        <Baseline points="1570,1112 2795,1075 3481,1075"/>
        <TextEquiv>
          <Unicode>Verzeih, o Herr, das ſind die Spuren</Unicode>
        </TextEquiv>
      </TextLine>

      
      
      <TextLine id="eSc_line_aba644ca" custom="structure {type:default;}">
        <Coords points="1573,1262 1573,1286 1672,1286 1751,1324 1754,1324 1757,1324 1908,1320 1911,1320 1969,1297 2027,1307 2030,1307 2034,1307 2075,1286 2146,1307 2150,1307 2153,1307 2157,1307 2245,1273 2372,1273 2416,1310 2420,1310 2423,1310 2426,1314 2508,1314 2508,1310 2614,1307 2618,1307 2621,1307 2662,1269 2723,1286 2727,1286 2730,1286 2904,1259 3068,1259 3130,1280 3133,1280 3136,1280 3225,1259 3266,1293 3269,1293 3273,1293 3276,1297 3321,1297 3321,1293 3324,1293 3447,1249 3447,1228 3444,1177 3389,1157 3386,1157 3382,1157 3379,1157 3375,1157 3345,1177 3345,1181 3242,1181 3239,1181 3181,1143 3177,1143 3174,1143 3102,1143 3099,1143 3095,1143 3092,1143 3048,1177 3010,1146 3007,1146 3003,1146 2901,1146 2897,1146 2894,1146 2891,1146 2850,1181 2795,1170 2792,1170 2689,1191 2686,1191 2577,1153 2573,1153 2570,1153 2566,1153 2563,1153 2501,1194 2385,1177 2382,1177 2208,1198 2184,1177 2181,1177 2177,1177 2174,1177 2112,1191 2088,1170 2088,1167 2085,1167 2082,1167 2017,1163 2013,1163 2010,1163 2007,1163 2007,1167 1983,1187 1952,1167 1949,1167 1945,1167 1942,1167 1938,1167 1935,1167 1935,1170 1901,1198 1887,1187 1884,1187 1880,1187 1877,1187 1873,1187 1815,1204 1764,1167 1761,1167 1757,1167 1754,1167 1652,1170 1648,1170 1570,1208 1573,1262"/>
        <Baseline points="1573,1262 3447,1228"/>
        <TextEquiv>
          <Unicode>Verſchollner geiſtiger Naturen,</Unicode>
        </TextEquiv>
      </TextLine>

      
      
      <TextLine id="eSc_line_9dbc966b" custom="structure {type:default;}">
        <Coords points="1582,1402 1582,1479 1966,1438 2124,1459 2222,1469 2227,1469 2319,1448 2462,1418 2570,1438 2631,1448 2636,1448 2641,1448 2672,1433 2718,1408 3118,1408 3153,1413 3338,1454 3343,1454 3348,1454 3353,1454 3425,1402 3425,1377 3409,1290 3235,1300 3225,1290 3200,1269 3194,1269 3189,1269 3051,1269 3046,1269 3041,1269 2969,1295 2944,1305 2918,1300 2826,1274 2821,1274 2816,1274 2810,1274 2805,1274 2759,1300 2754,1305 2693,1305 2462,1290 2457,1290 2232,1315 2206,1315 2201,1315 2160,1285 2155,1285 2150,1285 1945,1285 1940,1285 1935,1285 1930,1285 1884,1315 1699,1300 1694,1300 1576,1326 1582,1402"/>
        <Baseline points="1587,1406 3429,1381"/>
        <TextEquiv>
          <Unicode>Ein Widerſchein der Dioskuren,</Unicode>
        </TextEquiv>
      </TextLine>

      
      
      <TextLine id="eSc_line_39c64e91" custom="structure {type:default;}">
        <Coords points="1580,1563 1580,1587 1631,1607 1634,1607 1638,1607 1822,1587 1843,1583 1846,1583 1873,1607 1877,1607 1880,1607 1884,1607 1887,1607 1890,1607 1890,1604 1914,1583 1918,1580 1925,1583 1962,1600 1966,1600 1969,1600 2061,1583 2099,1576 2140,1583 2228,1594 2232,1594 2235,1594 2266,1580 2286,1573 2355,1580 2515,1597 2519,1597 2631,1594 2635,1594 2638,1594 2662,1576 2682,1563 2839,1563 2856,1573 2870,1587 2874,1587 2877,1587 2880,1587 2986,1573 3109,1556 3201,1570 3246,1576 3249,1576 3461,1566 3461,1522 3450,1471 3126,1474 3065,1433 3061,1433 3058,1433 3007,1433 3003,1433 3000,1433 2996,1433 2918,1481 2867,1481 2826,1443 2826,1440 2822,1440 2819,1440 2676,1440 2672,1440 2525,1443 2522,1443 2433,1481 2355,1457 2351,1457 2348,1457 2344,1457 2341,1457 2286,1491 2211,1450 2208,1450 2205,1450 2201,1450 2198,1450 2157,1484 2027,1498 1949,1457 1945,1457 1942,1457 1938,1457 1935,1457 1890,1498 1812,1501 1737,1460 1733,1460 1730,1460 1727,1460 1576,1505 1580,1563"/>
        <Baseline points="1580,1563 3461,1522"/>
        <TextEquiv>
          <Unicode>Bey denen alle Schiffer ſchwuren,</Unicode>
        </TextEquiv>
      </TextLine>

      
      
      <TextLine id="eSc_line_5fceca28" custom="structure {type:default;}">
        <Coords points="1587,1715 1587,1745 1684,1792 1689,1792 1694,1792 1930,1751 1960,1776 1966,1776 1971,1776 1976,1776 1981,1776 1986,1776 2032,1740 2073,1740 2119,1740 2165,1781 2165,1786 2170,1786 2176,1786 2181,1786 2186,1786 2283,1751 2355,1776 2360,1776 2365,1776 2370,1776 2457,1730 2462,1730 2585,1730 2590,1730 2652,1771 2657,1771 2662,1771 2667,1771 2672,1771 2754,1745 2785,1771 2785,1776 2790,1776 2795,1776 2800,1781 3025,1781 3025,1776 3031,1776 3159,1720 3235,1720 3302,1766 3307,1766 3312,1766 3317,1766 3322,1766 3394,1730 3481,1766 3486,1766 3491,1766 3496,1766 3502,1766 3502,1761 3548,1715 3548,1684 3543,1592 3010,1576 3005,1576 2867,1602 2846,1607 2841,1607 2780,1576 2775,1576 2769,1576 2764,1576 2759,1576 2759,1582 2728,1607 2723,1612 2708,1607 2626,1582 2621,1582 2616,1582 2611,1582 2606,1582 2606,1587 2580,1607 2554,1587 2549,1587 2544,1587 2539,1587 2534,1587 2437,1612 2375,1582 2370,1582 2365,1582 2360,1582 2288,1617 2268,1617 1920,1592 1914,1592 1909,1592 1792,1623 1643,1592 1638,1592 1633,1592 1628,1592 1582,1617 1587,1715"/>
        <Baseline points="1590,1720 2426,1689 3549,1688"/>
        <TextEquiv>
          <Unicode>Sie ſam̄eln hier die letzte Kraft.</Unicode>
        </TextEquiv>
      </TextLine>

      
      
      <TextLine id="eSc_line_5fc9b35e" custom="structure {type:default;}">
        <Coords points="2088,1850 2085,1908 2119,1938 2123,1938 2126,1938 2184,1942 2187,1942 2573,1918 2577,1867 2573,1805 2505,1805 2501,1802 2454,1757 2450,1757 2447,1757 2443,1757 2341,1781 2293,1751 2290,1751 2286,1751 2283,1751 2088,1785 2088,1850"/>
        <Baseline points="2088,1850 2577,1867"/>
        <TextEquiv>
          <Unicode>Kaiſer.</Unicode>
        </TextEquiv>
      </TextLine>

      
      
      <TextLine id="eSc_line_ed1d2aca" custom="structure {type:default;}">
        <Coords points="1563,2007 1563,2030 1764,2068 1768,2068 1877,2065 1880,2065 1972,2024 1983,2020 1993,2024 2020,2037 2024,2037 2027,2037 2293,2020 2310,2020 2392,2058 2396,2058 2399,2058 2402,2058 2501,2017 2512,2010 2699,2010 2710,2013 2771,2037 2775,2037 2778,2037 2781,2037 2833,2013 2949,2013 3048,2044 3051,2044 3054,2048 3198,2048 3198,2044 3201,2044 3205,2044 3256,2010 3297,2041 3300,2041 3304,2041 3307,2044 3382,2044 3382,2041 3386,2041 3389,2041 3447,2003 3570,2017 3573,2017 3577,2017 3655,1996 3655,1972 3645,1901 3450,1908 3433,1904 3338,1884 3334,1884 3331,1884 3328,1884 3287,1908 3252,1931 2843,1935 2819,1921 2775,1894 2771,1894 2768,1894 2600,1894 2597,1894 2594,1894 2501,1931 2471,1945 2225,1945 2198,1938 1976,1904 1972,1904 1969,1904 1966,1904 1914,1949 1911,1949 1880,1921 1877,1921 1873,1921 1870,1921 1867,1921 1822,1945 1723,1911 1720,1911 1716,1911 1713,1911 1710,1911 1662,1955 1658,1959 1559,1959 1563,2007"/>
        <Baseline points="1563,2007 3655,1972"/>
        <TextEquiv>
          <Unicode>Doch ſage wem ſind wir verpflichtet</Unicode>
        </TextEquiv>
      </TextLine>

      
      
      <TextLine id="eSc_line_ed178408" custom="structure {type:default;}">
        <Coords points="1576,2143 1576,2167 1778,2201 1781,2201 1785,2201 1788,2201 1788,2198 1819,2174 1983,2198 1986,2198 1989,2198 2078,2167 2198,2187 2201,2187 2205,2187 2249,2164 2256,2164 2334,2164 2355,2181 2355,2184 2358,2184 2362,2184 2365,2184 2368,2184 2433,2164 2467,2194 2467,2198 2471,2198 2474,2198 2478,2198 2481,2198 2532,2174 2641,2198 2645,2198 2648,2198 2717,2164 2819,2164 2887,2198 2891,2198 2894,2198 3007,2194 3010,2194 3013,2194 3054,2164 3256,2194 3259,2194 3263,2194 3266,2194 3321,2160 3457,2167 3485,2191 3488,2191 3491,2191 3495,2191 3498,2191 3560,2157 3560,2133 3549,2054 3044,2075 3003,2061 2908,2030 2904,2030 2901,2030 2577,2034 2573,2034 2570,2034 2512,2071 2501,2078 2495,2071 2457,2037 2457,2034 2454,2034 2450,2034 2447,2034 2443,2034 2348,2075 2341,2075 2338,2075 2235,2034 2232,2034 2228,2034 2225,2034 2109,2078 2099,2082 2085,2078 2010,2048 2007,2048 2003,2048 2000,2048 1996,2048 1996,2051 1966,2082 1962,2085 1908,2085 1904,2082 1880,2061 1880,2058 1877,2058 1873,2058 1870,2058 1768,2082 1727,2051 1723,2051 1720,2051 1716,2051 1713,2051 1710,2051 1662,2085 1573,2085 1576,2143"/>
        <Baseline points="1576,2143 3560,2133"/>
        <TextEquiv>
          <Unicode>Daß die Natur, auf uns gerichtet,</Unicode>
        </TextEquiv>
      </TextLine>

      
      
      <TextLine id="eSc_line_57151fea" custom="structure {type:default;}">
        <Coords points="1597,2293 1597,2314 1706,2334 1710,2334 1972,2314 2136,2351 2140,2351 2143,2351 2239,2317 2358,2351 2362,2351 2365,2355 2522,2355 2522,2351 2525,2351 2621,2314 2935,2334 2938,2334 2942,2334 3024,2307 3157,2344 3160,2344 3164,2344 3167,2344 3170,2344 3211,2317 3355,2324 3358,2324 3362,2324 3450,2297 3450,2280 3444,2201 3314,2184 3310,2184 3307,2184 3256,2205 3194,2232 2969,2232 2928,2211 2918,2208 2914,2208 2911,2208 2877,2215 2775,2232 2737,2215 2682,2194 2679,2194 2676,2194 2672,2194 2669,2194 2635,2218 2611,2235 2512,2235 2461,2222 2334,2191 2331,2191 2327,2191 2324,2191 2252,2228 2239,2235 2225,2228 2153,2191 2150,2191 2146,2191 2000,2211 1890,2194 1887,2194 1884,2194 1880,2194 1880,2198 1846,2228 1754,2194 1751,2194 1747,2194 1744,2194 1740,2194 1672,2242 1594,2242 1597,2293"/>
        <Baseline points="1597,2293 3450,2280"/>
        <TextEquiv>
          <Unicode>Das Seltenſte zuſammenrafft?</Unicode>
        </TextEquiv>
      </TextLine>

      
      
      <TextLine id="eSc_line_9a47b088" custom="structure {type:default;}">
        <Coords points="2164,2447 2164,2512 2641,2505 2641,2440 2635,2365 2573,2355 2570,2355 2566,2355 2563,2355 2553,2365 2539,2375 2529,2365 2515,2355 2512,2355 2508,2355 2505,2355 2501,2355 2457,2368 2392,2389 2304,2389 2286,2372 2276,2362 2276,2358 2273,2358 2269,2358 2266,2358 2160,2372 2164,2447"/>
        <Baseline points="2164,2447 2641,2440"/>
        <TextEquiv>
          <Unicode>Mephiſt.</Unicode>
        </TextEquiv>
      </TextLine>

      
      
      <TextLine id="eSc_line_30ff97cd" custom="structure {type:default;}">
        <Coords points="1611,2583 1611,2607 1706,2638 1710,2638 1713,2638 1716,2638 1720,2638 1751,2618 1839,2635 1843,2635 1846,2635 1935,2611 2048,2631 2051,2631 2184,2611 2263,2635 2266,2635 2269,2635 2273,2635 2276,2635 2297,2618 2334,2645 2338,2645 2341,2645 2344,2645 2348,2645 2420,2611 2655,2618 2682,2641 2682,2645 2686,2645 2689,2645 2693,2645 2696,2645 2785,2614 2887,2645 2891,2645 2894,2648 2976,2648 2976,2645 2979,2645 2983,2645 3024,2611 3174,2611 3211,2645 3215,2645 3218,2645 3222,2648 3440,2648 3440,2645 3444,2645 3546,2614 3577,2641 3577,2645 3580,2645 3584,2645 3587,2648 3642,2648 3642,2645 3645,2645 3648,2645 3700,2611 3700,2583 3700,2529 3519,2484 3515,2484 3334,2484 3331,2484 3328,2484 3324,2484 3259,2532 2938,2532 2856,2488 2853,2488 2850,2488 2611,2515 2566,2484 2563,2484 2560,2484 2556,2484 2553,2484 2457,2529 2146,2495 2143,2495 2140,2495 2020,2529 1921,2488 1918,2488 1788,2484 1785,2484 1781,2484 1693,2532 1611,2532 1611,2583"/>
        <Baseline points="1611,2583 3700,2583"/>
        <TextEquiv>
          <Unicode>Wem als dem Meiſter, jenem hohen,</Unicode>
        </TextEquiv>
      </TextLine>

      
      
      <TextLine id="eSc_line_71487019" custom="structure {type:default;}">
        <Coords points="1582,2739 1582,2775 1725,2810 1730,2810 1735,2810 1853,2775 1863,2775 1868,2775 1904,2800 1909,2800 1914,2800 1920,2800 2007,2785 2037,2810 2037,2816 2042,2816 2048,2816 2053,2821 2319,2821 2319,2816 2580,2775 2590,2775 2606,2775 2862,2816 2867,2816 2872,2816 2877,2816 2938,2775 3107,2775 3148,2775 3200,2816 3205,2816 3210,2816 3215,2821 3399,2821 3399,2816 3404,2816 3409,2816 3409,2810 3445,2775 3614,2769 3614,2739 3614,2647 3578,2626 3573,2626 3568,2626 3563,2626 3292,2652 3246,2621 3240,2621 3235,2621 3230,2621 3107,2647 2974,2621 2969,2621 2964,2621 2959,2621 2928,2647 2862,2621 2856,2621 2851,2621 2846,2621 2841,2621 2800,2657 2647,2657 2385,2621 2380,2621 2375,2621 2370,2621 2334,2652 2191,2626 2186,2626 2181,2626 2078,2652 1955,2621 1950,2621 1945,2621 1940,2621 1935,2621 1935,2626 1904,2657 1797,2657 1720,2621 1715,2621 1710,2621 1704,2621 1582,2652 1582,2739"/>
        <Baseline points="1583,2744 3617,2744"/>
        <TextEquiv>
          <Unicode>Der dein Geſchick im Buſen trägt?</Unicode>
        </TextEquiv>
      </TextLine>

      
      
      <TextLine id="eSc_line_1153e4bd" custom="structure {type:default;}">
        <Coords points="1583,2904 1583,2928 1693,2921 1716,2932 1774,2959 1778,2959 1781,2959 1785,2959 1788,2959 1788,2955 1809,2938 1880,2959 1884,2959 1887,2959 1890,2959 1894,2959 1945,2928 1962,2918 1989,2928 2048,2945 2051,2945 2054,2945 2146,2928 2191,2952 2194,2952 2198,2952 2201,2952 2205,2952 2225,2932 2266,2955 2269,2955 2273,2955 2423,2952 2426,2952 2430,2952 2478,2921 2481,2918 2484,2918 2498,2932 2501,2932 2505,2932 2508,2932 2570,2918 2587,2914 2594,2918 2628,2949 2631,2949 2635,2949 2638,2952 2710,2952 2710,2949 2713,2949 2717,2949 2768,2914 2775,2911 2781,2914 2805,2925 2809,2925 2812,2925 3157,2911 3225,2908 3229,2908 3304,2945 3307,2945 3310,2945 3314,2945 3416,2908 3614,2901 3618,2884 3614,2829 3478,2829 3444,2795 3444,2792 3440,2792 3437,2792 3433,2792 3430,2792 3426,2792 3386,2829 3317,2829 3310,2829 3283,2812 3280,2812 3276,2812 3273,2812 3136,2822 3058,2795 3054,2795 3051,2795 3048,2795 2976,2829 2942,2798 2938,2798 2935,2798 2846,2798 2843,2798 2839,2798 2771,2833 2669,2802 2665,2802 2662,2802 2658,2802 2577,2836 2297,2809 2293,2809 2290,2809 2286,2809 2242,2843 2136,2843 2078,2805 2075,2805 2071,2805 1983,2805 1979,2805 1976,2805 1921,2822 1730,2809 1727,2809 1723,2809 1720,2809 1720,2812 1682,2846 1580,2846 1583,2904"/>
        <Baseline points="1583,2904 2580,2884 3618,2884"/>
        <TextEquiv>
          <Unicode>Durch deiner Feinde ſtarkes drohen</Unicode>
        </TextEquiv>
      </TextLine>

      
      
      <TextLine id="eSc_line_49b642d7" custom="structure {type:default;}">
        <Coords points="1611,3044 1611,3109 1706,3106 1710,3106 1713,3106 1781,3065 1928,3078 1931,3078 2099,3061 2297,3089 2399,3102 2402,3102 2406,3102 2481,3082 2570,3058 2720,3058 2744,3075 2775,3099 2778,3099 2781,3099 2785,3102 2955,3102 2955,3099 2959,3099 3031,3065 3054,3054 3095,3054 3106,3061 3140,3092 3140,3095 3143,3095 3147,3095 3150,3099 3232,3099 3232,3095 3235,3095 3239,3095 3287,3058 3304,3072 3307,3072 3310,3072 3314,3072 3426,3051 3430,3031 3426,2969 3368,2952 3365,2952 3362,2952 3263,2969 3222,2976 3184,2969 2969,2925 2966,2925 2822,2928 2819,2928 2706,2973 2689,2979 2676,2973 2597,2932 2594,2932 2590,2932 2481,2938 2478,2938 2474,2938 2474,2942 2437,2973 2426,2986 2355,2986 2338,2976 2259,2932 2256,2932 2252,2932 2249,2932 2245,2932 2194,2976 2184,2986 1928,2986 1914,2976 1863,2935 1860,2935 1856,2935 1693,2935 1689,2935 1686,2935 1607,2973 1611,3044"/>
        <Baseline points="1611,3044 3430,3031"/>
        <TextEquiv>
          <Unicode>Iſt er im Tiefſten aufgeregt.</Unicode>
        </TextEquiv>
      </TextLine>

      
      
      <TextLine id="eSc_line_ec7d7970" custom="structure {type:default;}">
        <Coords points="1587,3194 1582,3235 2058,3251 2063,3251 2145,3235 2196,3225 2232,3235 2283,3251 2288,3251 2293,3251 2478,3230 2560,3225 2570,3230 2595,3256 2600,3256 2606,3256 2611,3256 2616,3256 2693,3230 2703,3230 2708,3230 2805,3256 2810,3256 2816,3256 3189,3230 3194,3230 3246,3256 3251,3256 3256,3256 3261,3256 3266,3256 3292,3235 3312,3256 3317,3256 3322,3256 3328,3261 3563,3261 3563,3256 3568,3256 3624,3225 3630,3205 3624,3087 2739,3118 2616,3097 2462,3072 2457,3072 2293,3102 2263,3107 2252,3102 2222,3077 2222,3072 2216,3072 2211,3072 2206,3072 2201,3072 2196,3072 2155,3102 2140,3112 2094,3102 1976,3082 1971,3082 1966,3082 1868,3107 1853,3112 1843,3107 1807,3077 1807,3072 1802,3072 1797,3072 1715,3072 1710,3072 1704,3072 1587,3107 1587,3194"/>
        <Baseline points="1590,3198 3632,3209"/>
        <TextEquiv>
          <Unicode>Sein Dank will dich gerettet ſehen,</Unicode>
        </TextEquiv>
      </TextLine>

      
      
      <TextLine id="eSc_line_e9de8819" custom="structure {type:default;}">
        <Coords points="1607,3348 1604,3368 1737,3392 1764,3420 1764,3423 1768,3423 1771,3423 1774,3426 1867,3426 1867,3423 1870,3423 1959,3375 2058,3396 2061,3396 2065,3396 2150,3375 2211,3423 2215,3423 2218,3423 2222,3426 2348,3426 2348,3423 2351,3423 2355,3423 2389,3392 2498,3382 2546,3423 2549,3423 2553,3423 2556,3426 2618,3426 2618,3423 2621,3423 2624,3423 2672,3379 2676,3379 2853,3379 2856,3382 2914,3409 2918,3409 2921,3409 3078,3382 3106,3379 3116,3382 3201,3426 3205,3426 3208,3430 3413,3430 3413,3426 3416,3426 3543,3386 3570,3379 3665,3386 3672,3355 3672,3297 3553,3297 3553,3293 3502,3269 3498,3269 3495,3269 3491,3269 3488,3269 3454,3293 3447,3297 3147,3297 3133,3287 3085,3266 3082,3266 3078,3266 3075,3266 3072,3266 3037,3287 3024,3297 2959,3297 2938,3287 2867,3256 2863,3256 2720,3256 2717,3256 2713,3256 2662,3283 2648,3290 2645,3283 2618,3256 2618,3252 2614,3252 2611,3252 2478,3252 2474,3252 2471,3252 2467,3252 2437,3280 2423,3293 2211,3293 2191,3276 2167,3252 2164,3252 2160,3252 2157,3252 2068,3269 1908,3259 1904,3259 1901,3259 1870,3273 1826,3290 1802,3269 1778,3252 1774,3252 1771,3252 1768,3252 1607,3266 1607,3348"/>
        <Baseline points="1607,3348 3672,3355"/>
        <TextEquiv>
          <Unicode>Und ſollt er ſelbſt daran vergehen.</Unicode>
        </TextEquiv>
      </TextLine>

      
      
      <TextLine id="eSc_line_d5d0abd4" custom="structure {type:default;}">
        <Coords points="2153,3536 2150,3614 2696,3614 2699,3543 2696,3471 2607,3481 2590,3471 2556,3447 2553,3447 2549,3447 2546,3447 2542,3447 2539,3447 2512,3471 2505,3478 2498,3471 2423,3426 2420,3426 2416,3426 2314,3426 2310,3426 2307,3426 2208,3474 2201,3478 2153,3478 2153,3536"/>
        <Baseline points="2153,3536 2699,3543"/>
        <TextEquiv>
          <Unicode>Kaiſer.</Unicode>
        </TextEquiv>
      </TextLine>

      
      
      <TextLine id="eSc_line_2329b1f9" custom="structure {type:default;}">
        <Coords points="1549,3730 1549,3754 1607,3754 1611,3754 1652,3795 1652,3799 1655,3799 1658,3799 1662,3802 1720,3802 1720,3799 1723,3799 1727,3799 1727,3795 1778,3751 1781,3747 2184,3744 2187,3744 2307,3785 2310,3785 2314,3785 2317,3785 2321,3785 2392,3741 2457,3781 2461,3781 2464,3781 2467,3785 2566,3785 2566,3781 2648,3778 2652,3778 2655,3778 2655,3775 2696,3737 2778,3778 2781,3778 2785,3778 2949,3775 2952,3775 3000,3751 3017,3768 3017,3771 3020,3771 3024,3771 3027,3771 3031,3771 3034,3771 3092,3730 3147,3768 3150,3768 3153,3768 3157,3768 3160,3768 3164,3768 3225,3727 3225,3723 3324,3720 3331,3723 3399,3758 3403,3758 3406,3758 3409,3758 3491,3720 3491,3693 3481,3621 3276,3642 3225,3624 3164,3604 3160,3604 3157,3604 3153,3604 3150,3604 3119,3628 3089,3648 2839,3648 2819,3635 2809,3624 2805,3624 2802,3624 2798,3624 2795,3624 2764,3635 2720,3652 2676,3638 2641,3624 2638,3624 2635,3624 2631,3624 2628,3624 2611,3638 2583,3659 2474,3659 2450,3642 2420,3621 2416,3621 2413,3621 2409,3621 2140,3624 2136,3624 2133,3624 2095,3648 2071,3665 2017,3652 1931,3628 1928,3628 1925,3628 1628,3635 1624,3635 1546,3659 1549,3730"/>
        <Baseline points="1549,3730 3491,3693"/>
        <TextEquiv>
          <Unicode>Sie jubelten mich pomphaft umzuführen,</Unicode>
        </TextEquiv>
      </TextLine>

      
      
      <TextLine id="eSc_line_2347aa27" custom="structure {type:default;}">
        <Coords points="1553,3911 1553,3932 1682,3932 1682,3928 1686,3928 1693,3925 1768,3894 2235,3880 2368,3884 2413,3908 2447,3921 2450,3921 2454,3921 2457,3921 2498,3904 2539,3887 2570,3901 2573,3904 2577,3904 2580,3904 2604,3901 2730,3877 2764,3898 2775,3904 2778,3904 2781,3904 2785,3904 2829,3894 2894,3880 2955,3880 2969,3891 3000,3915 3003,3915 3007,3915 3010,3918 3126,3918 3126,3915 3130,3915 3133,3915 3170,3887 3188,3874 3201,3884 3239,3915 3242,3915 3246,3915 3249,3915 3471,3911 3474,3911 3556,3877 3570,3870 3645,3870 3655,3874 3700,3898 3703,3898 3706,3898 3949,3863 3952,3846 3935,3775 3911,3795 3785,3795 3761,3778 3744,3764 3741,3764 3737,3764 3676,3764 3672,3764 3669,3764 3628,3778 3580,3799 3300,3799 3280,3785 3269,3775 3266,3775 3263,3775 3259,3775 3256,3775 3252,3775 3242,3785 3225,3799 3191,3785 3157,3771 3153,3771 3150,3771 3072,3785 3054,3788 3037,3785 2969,3771 2966,3771 2962,3771 2932,3788 2901,3805 2778,3805 2761,3788 2744,3775 2740,3775 2737,3775 2734,3775 2730,3775 2682,3792 2648,3802 2631,3792 2611,3778 2607,3778 2604,3778 2600,3778 2597,3778 2570,3792 2563,3795 2549,3792 2491,3778 2488,3778 2484,3778 2481,3778 2478,3778 2457,3792 2437,3805 2208,3805 2194,3795 2174,3781 2170,3781 2167,3781 2164,3781 1931,3785 1928,3785 1897,3799 1873,3816 1785,3816 1764,3802 1744,3785 1740,3785 1737,3785 1733,3785 1730,3785 1727,3785 1710,3802 1706,3805 1703,3802 1679,3785 1675,3785 1672,3785 1669,3785 1549,3802 1553,3911"/>
        <Baseline points="1553,3911 1631,3874 1727,3867 3952,3846"/>
        <TextEquiv>
          <Unicode>Ich war nun was, das wollt ich auch probiren,</Unicode>
        </TextEquiv>
      </TextLine>

      
      
      <TextLine id="eSc_line_2922da3d" custom="structure {type:default;}">
        <Coords points="1570,4024 1570,4044 1805,4075 1809,4075 1812,4075 1815,4075 1839,4055 1856,4068 1860,4068 1863,4068 1867,4068 2003,4041 2013,4041 2136,4041 2167,4065 2167,4068 2170,4068 2174,4068 2177,4068 2181,4068 2245,4051 2392,4068 2396,4068 2399,4068 2488,4037 2532,4068 2536,4068 2539,4068 2542,4068 2816,4034 2819,4034 2911,4048 2914,4048 2918,4048 2921,4048 2938,4031 2942,4031 2952,4031 3065,4048 3068,4048 3072,4048 3130,4031 3153,4051 3153,4055 3157,4055 3160,4055 3164,4055 3167,4055 3242,4027 3249,4027 3266,4027 3396,4044 3399,4044 3706,4031 3747,4055 3751,4055 3754,4055 3758,4055 3761,4055 3764,4055 3764,4051 3799,4024 3846,4024 3850,4000 3836,3915 3768,3935 3717,3915 3696,3908 3693,3908 3590,3908 3587,3908 3584,3908 3563,3918 3519,3942 3481,3918 3471,3911 3467,3911 3464,3911 3461,3911 3406,3921 3304,3942 3280,3921 3269,3915 3269,3911 3266,3911 3263,3911 3205,3911 3201,3911 3198,3911 3150,3925 3078,3949 2771,3949 2751,3932 2744,3928 2744,3925 2740,3925 2737,3925 2734,3925 2730,3925 2727,3925 2720,3932 2706,3942 2658,3932 2614,3925 2611,3925 2566,3935 2495,3952 2474,3935 2464,3928 2461,3928 2457,3928 2351,3921 2348,3921 2344,3921 2341,3921 2317,3938 2293,3956 2211,3956 2187,3942 2164,3925 2160,3925 2157,3925 2153,3925 2150,3925 2095,3942 2048,3959 1996,3959 1979,3945 1955,3925 1952,3925 1949,3925 1945,3925 1942,3925 1873,3945 1826,3962 1727,3962 1703,3949 1665,3928 1662,3928 1658,3928 1566,3949 1570,4024"/>
        <Baseline points="1570,4024 3850,4000"/>
        <TextEquiv>
          <Unicode>Und fands gelegen, ohne viel zu denken,</Unicode>
        </TextEquiv>
      </TextLine>

      
      
      <TextLine id="eSc_line_b7baed24" custom="structure {type:default;}">
        <Coords points="1546,4177 1546,4208 1815,4208 1836,4208 1993,4235 1996,4235 2000,4235 2054,4208 2068,4201 2358,4201 2365,4205 2420,4232 2423,4232 2426,4232 2594,4215 2778,4229 2781,4229 2785,4229 2877,4198 2880,4194 3003,4194 3007,4194 3037,4222 3037,4225 3041,4225 3044,4225 3048,4225 3051,4225 3095,4208 3368,4225 3372,4225 3478,4222 3481,4222 3485,4222 3522,4198 3734,4212 3737,4212 3741,4212 3833,4184 3833,4160 3822,4051 3710,4055 3706,4055 3703,4055 3648,4099 3546,4078 3543,4078 3539,4078 3536,4078 3502,4099 3474,4085 3471,4085 3467,4085 3242,4102 3208,4075 3208,4072 3205,4072 3201,4072 3170,4068 3147,4068 3143,4068 3140,4068 3136,4068 3095,4092 3061,4072 3058,4072 3054,4072 3051,4072 3048,4072 3007,4092 2822,4092 2809,4078 2788,4061 2785,4061 2781,4061 2727,4061 2723,4061 2720,4061 2717,4061 2693,4082 2672,4099 2600,4099 2536,4085 2433,4065 2430,4065 2232,4085 2205,4065 2201,4065 2198,4065 2061,4065 2058,4065 2054,4065 1989,4102 1966,4116 1771,4116 1761,4109 1696,4068 1693,4068 1689,4068 1686,4068 1682,4068 1679,4068 1628,4113 1624,4116 1542,4116 1546,4177"/>
        <Baseline points="1546,4177 3833,4160"/>
        <TextEquiv>
          <Unicode>Dem weißen Barte kühle Luft zu ſchenken.</Unicode>
        </TextEquiv>
      </TextLine>

      
      
      <TextLine id="eSc_line_3b9a0b88" custom="structure {type:default;}">
        <Coords points="1580,4317 1580,4348 2290,4365 2293,4365 2416,4341 2464,4365 2467,4365 2471,4365 2795,4338 2829,4334 2843,4334 2952,4358 2955,4358 2959,4358 3058,4334 3072,4331 3119,4331 3382,4348 3386,4348 3389,4348 3433,4328 3437,4328 3457,4348 3461,4348 3464,4348 3467,4348 3471,4348 3474,4348 3498,4331 3648,4331 3727,4355 3730,4355 3734,4355 3737,4355 3816,4324 3816,4300 3812,4242 3775,4222 3771,4222 3768,4222 3764,4222 3761,4222 3700,4246 3621,4215 3618,4215 3614,4215 3474,4246 3440,4218 3440,4215 3437,4215 3433,4215 3379,4215 3375,4215 3372,4215 3368,4215 3368,4218 3331,4249 3317,4249 2955,4218 2952,4218 2949,4218 2850,4253 2846,4256 2580,4256 2519,4256 2488,4232 2484,4232 2481,4232 2478,4232 2474,4232 2440,4246 2334,4225 2331,4225 2327,4225 2324,4225 2293,4253 2259,4225 2256,4225 2252,4225 2150,4225 2146,4225 2143,4225 2092,4253 2051,4225 2048,4225 2044,4225 2041,4225 1959,4229 1955,4229 1952,4229 1911,4259 1908,4259 1836,4259 1768,4259 1686,4229 1682,4229 1679,4229 1675,4229 1672,4229 1631,4259 1631,4263 1576,4263 1580,4317"/>
        <Baseline points="1580,4317 3816,4300"/>
        <TextEquiv>
          <Unicode>Dem Klerus hab ich eine Luſt verdorben,</Unicode>
        </TextEquiv>
      </TextLine>

      
      
      <TextLine id="eSc_line_ba1a85fd" custom="structure {type:default;}">
        <Coords points="1570,4481 1570,4519 1710,4512 1730,4519 1785,4536 1788,4536 1792,4536 1795,4536 1836,4515 1853,4532 1856,4532 1860,4532 1863,4532 1867,4532 1921,4515 1983,4495 2044,4498 2058,4512 2082,4532 2085,4532 2088,4532 2092,4536 2177,4536 2177,4532 2181,4532 2228,4509 2263,4495 2300,4509 2321,4515 2324,4515 2327,4515 2331,4515 2334,4515 2341,4509 2365,4491 2566,4491 2624,4505 2710,4522 2713,4522 2717,4522 2761,4505 2802,4526 2805,4526 2809,4529 3061,4529 3061,4526 3065,4526 3109,4509 3208,4522 3211,4522 3215,4522 3307,4491 3317,4491 3331,4491 3416,4505 3420,4505 3505,4488 3553,4481 3580,4488 3621,4502 3624,4502 3628,4502 3631,4502 3662,4488 3676,4481 3686,4488 3710,4498 3713,4498 3717,4498 3928,4481 3932,4457 3925,4392 3833,4392 3829,4392 3778,4365 3775,4365 3771,4365 3768,4365 3764,4365 3730,4392 3730,4396 3485,4399 3467,4396 3338,4365 3334,4365 3331,4365 3328,4365 3280,4399 3276,4403 3229,4403 3225,4399 3133,4365 3130,4365 3126,4365 2996,4382 2812,4369 2809,4369 2805,4369 2802,4369 2775,4389 2720,4372 2717,4372 2713,4372 2710,4372 2706,4372 2652,4406 2648,4410 2590,4410 2587,4406 2443,4372 2440,4372 2437,4372 2341,4410 2338,4410 2334,4410 2194,4389 2191,4389 2187,4389 2153,4403 2109,4379 2106,4379 2102,4379 2099,4379 2095,4379 2054,4410 1942,4392 1938,4392 1935,4392 1931,4392 1908,4410 1832,4379 1829,4379 1826,4379 1822,4379 1747,4413 1658,4379 1655,4379 1652,4379 1648,4379 1566,4413 1570,4481"/>
        <Baseline points="1570,4481 2611,4457 3932,4457"/>
        <TextEquiv>
          <Unicode>Und ihre Gunſt mir freylich nicht erworben.</Unicode>
        </TextEquiv>
      </TextLine>

      
      
      <TextLine id="eSc_line_641f4a5c" custom="structure {type:default;}">
        <Coords points="1556,4628 1556,4652 1631,4652 1634,4652 1740,4693 1744,4693 1747,4693 1863,4689 1867,4689 1945,4648 2041,4662 2044,4662 2048,4662 2109,4645 2170,4683 2174,4683 2177,4683 2181,4683 2402,4652 2491,4676 2495,4676 2498,4676 2501,4676 2597,4635 2604,4635 2795,4635 2874,4672 2877,4672 2880,4672 2884,4672 2952,4648 3007,4669 3010,4669 3013,4672 3222,4672 3222,4669 3225,4669 3304,4645 3423,4645 3426,4645 3430,4645 3433,4645 3457,4621 3635,4618 3638,4594 3621,4505 3549,4553 3433,4553 3372,4515 3362,4509 3358,4509 3355,4509 3215,4509 3211,4509 3133,4515 3130,4515 3126,4515 3112,4526 3061,4556 2969,4536 2966,4536 2962,4536 2911,4563 2607,4563 2505,4549 2420,4536 2416,4536 2413,4536 2382,4553 2348,4570 2321,4556 2273,4532 2269,4532 2266,4532 2263,4532 2201,4560 2170,4573 2157,4560 2116,4529 2112,4529 2109,4529 1966,4529 1962,4529 1959,4529 1884,4570 1870,4580 1754,4580 1740,4577 1621,4536 1617,4536 1614,4536 1611,4536 1607,4536 1553,4573 1556,4628"/>
        <Baseline points="1556,4628 3638,4594"/>
        <TextEquiv>
          <Unicode>Nun ſollt ich ſeit ſo manchen Jahren</Unicode>
        </TextEquiv>
      </TextLine>

      
      
      <TextLine id="eSc_line_86170b09" custom="structure {type:default;}">
        <Coords points="1559,4737 1563,4778 1563,4809 1723,4826 1727,4826 1836,4805 1839,4805 1867,4826 1870,4826 1873,4826 1877,4826 1979,4802 1986,4802 2061,4850 2065,4850 2068,4850 2071,4850 2334,4846 2338,4846 2385,4819 2430,4843 2433,4843 2437,4846 2525,4846 2525,4843 2529,4843 2676,4792 2730,4836 2734,4836 2737,4836 2740,4840 2781,4840 2781,4836 2785,4836 2867,4795 3017,4785 3160,4829 3164,4829 3167,4833 3300,4833 3300,4829 3304,4829 3386,4785 3413,4799 3416,4799 3420,4799 3423,4799 3505,4775 3505,4771 3689,4768 3689,4741 3679,4679 3495,4693 3485,4683 3461,4662 3461,4659 3457,4659 3454,4659 3324,4655 3321,4655 3317,4655 3314,4655 3314,4659 3280,4686 3269,4700 3130,4700 3116,4689 3082,4672 3078,4672 3075,4672 3072,4672 3031,4693 3017,4700 2983,4693 2891,4679 2887,4679 2884,4679 2880,4679 2856,4696 2850,4703 2819,4700 2761,4689 2757,4689 2754,4689 2706,4700 2682,4706 2679,4703 2645,4672 2641,4672 2638,4672 2529,4669 2525,4669 2522,4669 2365,4710 2358,4710 2307,4676 2304,4676 2300,4676 2143,4676 2140,4676 2136,4676 2133,4676 2088,4706 2048,4679 2044,4679 2041,4679 1955,4679 1952,4679 1949,4679 1945,4679 1945,4683 1908,4717 1751,4717 1689,4686 1686,4686 1682,4686 1679,4686 1675,4686 1628,4727 1559,4727 1559,4737"/>
        <Baseline points="1563,4778 3689,4741"/>
        <TextEquiv>
          <Unicode>Die Wirkung frohen Thuns erfahren</Unicode>
        </TextEquiv>
      </TextLine>

      
      
      <TextLine id="eSc_line_6c3d2fb6" custom="structure {type:default;}">
        <Coords points="2164,5010 2164,5038 2679,5038 2679,5010 2679,4911 2164,4904 2164,5010"/>
        <Baseline points="2164,5010 2679,5010"/>
        <TextEquiv>
          <Unicode>Kaiſer.</Unicode>
        </TextEquiv>
      </TextLine>

      
      
      <TextLine id="eSc_line_712bbed7" custom="structure {type:default;}">
        <Coords points="1612,5150 1607,5212 1884,5212 1889,5212 1894,5212 1925,5181 2032,5217 2073,5227 2078,5227 2083,5227 2432,5212 2821,5191 2846,5207 2887,5237 2892,5237 2897,5237 2903,5237 2908,5237 2990,5207 3015,5196 3230,5196 3256,5201 3389,5242 3394,5242 3399,5242 3404,5242 3409,5242 3471,5201 3543,5232 3548,5232 3553,5232 3558,5232 3640,5196 3645,5176 3640,5073 3537,5089 3517,5068 3491,5048 3491,5043 3486,5043 3481,5043 3384,5043 3379,5043 3374,5043 3333,5063 3297,5084 3246,5063 3174,5038 3169,5038 3164,5038 3159,5038 3107,5063 3092,5068 3056,5063 2944,5038 2938,5038 2933,5038 2872,5058 2816,5073 2749,5053 2667,5032 2662,5032 2657,5032 2652,5032 2611,5053 2560,5079 2022,5079 1914,5043 1858,5022 1853,5022 1848,5022 1612,5032 1612,5150"/>
        <Baseline points="1614,5154 3649,5177"/>
        <TextEquiv>
          <Unicode>in Adler ſchwebt im Him̄elshohen,</Unicode>
        </TextEquiv>
      </TextLine>

      
      
      <TextLine id="eSc_line_ee8f592c" custom="structure {type:default;}">
        <Coords points="1576,5283 1573,5372 1938,5376 1942,5376 1945,5376 1949,5376 1955,5369 1979,5355 2017,5369 2030,5372 2034,5372 2037,5372 2041,5372 2044,5372 2048,5369 2085,5345 2126,5365 2150,5379 2153,5379 2157,5379 2430,5362 2474,5362 2484,5362 2580,5382 2583,5382 2587,5382 2590,5382 2621,5362 2679,5324 3392,5328 3423,5352 3461,5379 3464,5379 3467,5379 3471,5379 3474,5379 3539,5348 3573,5335 3747,5345 3754,5304 3751,5225 3618,5212 3614,5212 3611,5212 3587,5222 3553,5239 3498,5222 3457,5212 3454,5212 3450,5212 3447,5212 3444,5212 3444,5215 3433,5222 3413,5242 3338,5242 3304,5222 3276,5208 3273,5208 3092,5208 3089,5208 3085,5208 3082,5208 3082,5212 3068,5222 3051,5239 2986,5239 2959,5222 2925,5205 2921,5205 2918,5205 2914,5205 2911,5205 2887,5222 2863,5236 2771,5236 2747,5222 2717,5205 2713,5205 2710,5205 2614,5218 2542,5232 2525,5218 2501,5201 2498,5201 2495,5201 2491,5201 2488,5201 2430,5218 2399,5229 2385,5218 2358,5201 2355,5201 2351,5201 2348,5201 2263,5218 2245,5222 2235,5218 2198,5201 2194,5201 2191,5201 2187,5201 2184,5201 2160,5218 2140,5229 2013,5218 1890,5208 1887,5208 1836,5218 1798,5225 1785,5218 1747,5198 1744,5198 1740,5198 1576,5215 1576,5283"/>
        <Baseline points="1576,5283 2792,5283 3754,5304"/>
        <TextEquiv>
          <Unicode>Ein Greif ihm nach mit wildem drohen.</Unicode>
        </TextEquiv>
      </TextLine>

      
    </TextRegion>
    
    <TextRegion id="eSc_textblock_42e95cd5"  custom="structure {type:text;}">
      <Coords points="1430,3590 1472,3697 1224,3731 1256,3590 1375,3577"/>
      
      
      <TextLine id="eSc_line_8d7196db" custom="structure {type:default;}">
        <Coords points="1387,3578 1331,3578 1280,3589 1244,3645 1254,3681 1290,3819 1459,3752 1433,3635 1418,3589 1387,3578"/>
        <Baseline points="1259,3683 1437,3638"/>
        <TextEquiv>
          <Unicode>154 a</Unicode>
        </TextEquiv>
      </TextLine>

      
    </TextRegion>
    

    
  </Page>
</PcGts>
