4096 6144
1041 979 2379 1133 Fraun, gewöhnt an Männerliebe,
1051 1112 2256 1262 Wählerinnen ſind ſie nicht,
1064 1262 1945 1409 Aber Kennerinnen.
1061 1406 2385 1573 Und wie goldlockigen Hirten,
1088 1539 2587 1730 Vielleicht ſchwarzborſtigen Faunen,
1092 1693 2580 1873 Wie es bringt die Gelegenheit,
1071 1826 2529 1989 Ueber die ſchwellenden Glieder
1071 1979 2426 2174 Voll ertheilen ſie gleiches Recht.
1054 2170 2416 2358 Nah und näher ſitzen ſie ſchon
1047 2324 1976 2474 Aneinander gelehnet,
1061 2454 2624 2618 Schulter an Schulter, Knie an Knie,
1034 2575 2355 2780 Hand in Hand wiegen ſie ſich
1051 2720 1901 2880 Ueber des Throns
1034 2860 2280 3058 Aufgepolſterter Herrlichkeit.
1024 2979 2309 3220 Nicht verſagt ſich die Majeſtät
1051 3184 1853 3348 Heimlicher Freuden
1041 3287 2235 3450 Vor den Augen des Volkes
1034 3404 2411 3630 Uebermüthiges Offenbar ſeyn.
1402 3573 1788 3710 Helena.
836 3679 2440 3863 Ich fühle mich ſo fern und doch ſo nah,
860 3788 2508 4019 Und ſage nur zu gern: da bin ich! da!
1437 3925 1744 4106 Fauſt.
843 4037 2727 4229 Ich athme kaum, mir zittert, ſtockt das Wort,
839 4164 2734 4362 Es iſt ein Traum, verſchwunden Tag und Ort.
1428 4275 1756 4474 Helena.
822 4399 2512 4549 Ich ſcheine mir verlebt und doch ſo neu,
826 4526 2717 4683 Daſeyn iſt Pflicht und wärs ein Augenblick.
1469 4638 1797 4807 Fauſt.
832 4771 2577 4915 Durchgrüble nicht das einzigſte Geſchick
824 4884 2821 5104 Daſeyn iſt Pflicht und wärs ein Augenblick.
