4096 6144
1140 880 3341 1054 Zufälle kom̄en ja dem Streitenden zu gut,
1136 1024 3773 1213 Vom Him̄el fällt ein Stein, dem Feinde regnets Blut,
1111 1182 3952 1382 Aus Felſenhöhlen tön’t’s von mächtigen Wunderklängen,
1119 1355 3898 1515 Die unſre Bruſt erhöhn, des Feindes Bruſt verengen.
1112 1505 3826 1682 Der Ueberwundne fiel, zu ſtets erneutem Spott,
1105 1669 3983 1899 Der Sieger, wie er prangt, preiſt den gewognen Gott.
1119 1850 3898 2020 Und alles ſtimmt mit ein, er braucht nicht zu befehlen,
1122 1996 3792 2167 Herr Gott dich loben wir! aus Millionen Kehlen.
1140 2153 3843 2338 Jedoch zum höchſten Preis wennd ich den from̄en Blick,
1129 2321 3840 2508 Das ſelten ſonſt geſchah, zur eignen Bruſt zurück.
1146 2472 3962 2682 Ein junger muntrer Fürſt mag ſeinen Tag vergeuden,
1116 2638 3744 2826 Die Jahre lehren ihn des Augenblicks Bedeuten.
1109 2788 3730 2976 Deshalb denn ungeſäumt, verbind’ ich mich ſogleich
1163 2938 3956 3140 Mit euch Vier Würdigen, für Haus und Hof und Reich.
2007 3087 3005 3287 /: zum erſten :/
1167 3220 3927 3456 Dein war o Fürſt! des Heers geordnet kluge Schichtung,
1157 3423 3853 3627 Sodann, im Hauptmoment, heroiſch kühne Richtung;
1167 3553 3701 3763 Im Frieden wircke nun wie es die Zeit begehrt,
1167 3706 3983 3921 Erbmarſchall nenn ich dich, verleihe dir das Schwerdt.
2007 3860 2862 4080 Erbmarſchall.
1126 4051 3795 4249 Dein treues Heer, bis jetzt im Inneren beſchäftigt,
1140 4208 3945 4403 Wenns an der Gränze dich und deinen Thron bekräftigt,
1095 4396 3836 4580 Dann ſey es uns vergönnt, bey Feſtesdrang im Saal,
1116 4560 3877 4730 Geräumiger Vaterburg, zu rüſten dir das Maal.
1126 4705 3947 4899 Blank trag ichs dir dann vor, blank halt ich dirs zur Seite,
1126 4894 3447 5068 Der höchſten Majeſtät zu ewigem Geleite.
1945 5022 3496 5217 Der Kaiſer /: zum Zweyten :/
1122 5160 3898 5341 Der ſich, als tapfrer Mann, auch zart gefällig zeigt,
1157 5300 3771 5509 Du! Sey Erzkäm̄erer, der Auftrag iſt nicht leicht.
