4096 6144
3143 604 3218 706 85
3089 686 3222 812 23
1157 774 3061 1000 Anax. /: nach einer Pauſe feyerlich :/
617 972 2911 1140 Konnt’ ich bisher die Unterirdiſchen loben,
624 1126 3089 1280 So wend’ ich mich in dieſem Fall nach oben...
631 1266 2484 1409 Du! droben ewig Unveraltete,
617 1409 2478 1570 Dreynamig‐Dreygeſtaltete,
624 1539 2856 1733 Dich ruf’ ich an bey meines Volkes Weh,
621 1686 2082 1853 Diana, Luna, Hekate!
628 1826 3024 2013 Du Bruſterweiternde, im Tiefſten Sinnige,
631 1986 2901 2165 Du Ruhigſcheinende, Gewaltſaminnige,
675 2123 3058 2293 Eröffne deiner Schatten grauſen Schlund,
628 2266 2928 2433 Die alte Macht ſey ohne Zauber kund!
1406 2413 1983 2611 /: Pauſe :/
1146 2560 2689 2723 Bin ich zu ſchnell erhört!
1208 2676 2208 2843 Hat mein Flehn
1184 2805 2283 2983 Nach jenen Höhn
1177 2935 3153 3112 Die Ordnung der Natur geſtört?
655 3150 2928 3355 Und größer, im̄er größer nahet ſchon
651 3328 2891 3512 Der Göttin rundumſchriebner Thron,
638 3502 2686 3693 Dem Auge furchtbar, ungeheuer.
651 3676 2839 3860 Ins Düſtre röthet ſich ſein Feuer...
672 3846 3024 4003 Nicht näher! drohend=mächtige Runde,
672 4017 3246 4191 Du richteſt uns und Land und Meer zu Grunde!
853 4218 3249 4396 So wär’ es wahr daß dich Theſſaliſche Frauen,
709 4386 2966 4560 In frevlend magiſchem Vertrauen,
665 4536 2949 4754 Von deinem Pfad herabgeſungen?
662 4713 2949 4918 Verderblichſtes dir abgerungen?...
692 4894 2778 5061 Das lichte Schild hat ſich umdunkelt,
686 5022 3056 5212 Auf einmal reißt’s und blitzt und funkelt,
