4096 6144
1082 593 1819 826 Dritter Act.
897 962 2293 1122 Vor dem Pallaſte des Menelas
1264 1080 1827 1315 zu Sparta.
829 1459 3087 1674 Helena tritt auf und Chor gefangener Trojanerinnen
873 1641 1890 1832 Panthalis Chorführerin.
1310 1797 1674 1991 Helena.
774 1959 2785 2126 Bewundert viel und viel geſcholten Helena
752 2083 2938 2293 Vom Strande komm’ ich wo wir erſt gelandet ſind,
764 2280 3003 2440 Noch immer trunken von des Gewoges regſamem
771 2433 3160 2635 Geſchaukel, das vom phrygiſchen Blachgefild uns her
757 2595 3036 2800 Auf ſträubig„hohem Rücken, durch Poſeidons Gunſt
742 2739 3072 2954 Und Euros Kraft in vaterländiſche Buchten trug.
773 2903 2841 3107 Dort unten freuet nun der König Menelas
773 3051 3240 3297 Der Rückkehr ſamt den tapferſten ſeiner Krieger ſich.
773 3235 2908 3420 Du aber heiße mich willkommen, hohes Haus,
768 3399 3010 3573 Das Tyndareos, mein Vater, nach dem Hange ſich
788 3512 2933 3763 Von Pallas Hügel wiederkehrend aufgebaut,
762 3676 3143 3952 Und als ich hier mit Klytämneſtren ſchweſterlich,
764 3840 3153 4061 Mit Caſtor auch und Pollux fröhlich ſpielend wuchs,
771 3993 3222 4222 Vor allen Häuſern Spartas, herrlich ausgeſchmückt.
762 4147 3159 4392 Gegrüßet ſeyd mir der eh’rnen Pforte Flügel ihr,
754 4348 3167 4532 Durch euer gaſtlich ladendes Weiteröffnen einſt
757 4512 3112 4700 Geſchah’s daß mir, erwählt aus vielen, Menelas,
757 4638 2913 4869 In Bräutigams„Geſtalt entgegen leuchtete.
