4096 6144
1788 965 3321 1136 Germane du! Corinthus Buchten
1822 1126 3355 1300 Vertheidige mit Wall und Schutz,
1781 1276 3481 1450 Achaia dann mit hundert Schluchten,
1771 1418 3302 1664 Emphehl ich Gothe deinem Trutz.
1805 1686 3529 1880 Nach Elis ziehn der Franken Heere,
1771 1827 3261 2073 Meſſene ſey der Sachſen Loos,
1802 2041 3259 2191 Normanne reinige die Meere
1792 2170 3273 2368 Und Argolis erſchaff er groß.
1788 2423 3478 2604 Dann wird ein jeder häuslich wohnen,
1768 2577 3498 2778 Nach auſſen richten Kraft und Blitz;
1751 2754 3467 2925 Doch Sparta ſoll euch überthronen
1751 2877 3287 3123 Der Königin verjährter Sitz.
1761 3159 3440 3384 All„Einzeln ſieht ſie euch genießen
1761 3334 3447 3502 Des Landes dem kein Wohl gebricht;
1768 3481 3474 3659 Ihr ſucht getroſt zu ihren Füßen
1744 3669 3269 3874 Beſtätigung und Recht und Licht.
2432 3891 3763 4131 /: Fauſt ſteigt herab, die
2549 4060 3814 4270 Fürſten ſchließen einen
2522 4246 3805 4427 Kreis um ihn, Befehl und
2534 4377 3952 4643 Anordnung näher zu vernehmen :/
