4096 6144
1126 897 2041 1126 Kaiſerliche Pfalz.
1170 1146 2092 1290 Saal des Thrones
832 1276 2744 1477 Staatsrath in Erwartung des Kaiſers.
1334 1624 1983 1788 Trompeten
993 1754 3017 1976 Hofgeſinde aller Art prächtig gekleid
1778 1925 2409 2058 tritt vor.
1290 2044 3136 2290 Der Kaiſer /: gelangt auf den Thron, zu
1140 2245 2771 2450 ſeiner Rechten der Aſtrolog :/
1488 2461 1945 2624 Kaiſer.
925 2652 2652 2856 Ich grüße die Getreuen, Lieben,
914 2812 2921 3010 Verſam̄elt aus der Näh’ und Weite; –
935 2986 2696 3177 Den Weiſen ſeh ich mir zur Seite,
894 3153 2829 3334 Allein wo iſt der Narr geblieben?
1479 3353 1940 3563 Junker.
955 3525 2795 3720 Gleich hinter deiner Mantel=Schleppe
962 3679 2863 3867 Stürzt’ er zuſammen auf der Treppe,
976 3846 2850 4024 Man trug hinweg das Fett=Gewicht,
996 3990 2921 4171 Todt oder trunken? weißman nicht.
1385 4174 2351 4403 Zweyter Junker.
983 4338 2734 4532 Sogleich mit wunderbarer Schnelle
979 4529 2839 4669 Drängt ſich ein andrer an die Stelle.
986 4662 2607 4840 Gar köſtlich iſt er aufgeputzt
1010 4788 2819 4986 Doch frazzenhaft daß jeder ſtutzt;
1017 4932 2891 5109 Die Wache hält ihm an der Schwelle
983 5099 2860 5256 Kreuzweis die Hellebarden vor –
1006 5232 2624 5403 Da iſt er doch der kühne Thor!
