4096 6144
1242 880 2290 1044 Finſtere Gallerie.
1239 1054 2478 1256 Fauſt. Mephiſtopheles.
1433 1300 1809 1460 Meph.
713 1399 3000 1628 Was ziehſt du mich in dieſe düſtern Gänge?
747 1583 2501 1764 Iſt nicht da drinnen Luſt genug,
757 1733 2587 1911 Im dichten, bunten Hofgedränge
754 1873 2536 2071 Gelegenheit zu Spas und Trug?
1443 2051 1822 2239 Fauſt.
747 2184 3068 2406 Sag mir das nicht, du haſt’s in alten Tagen
750 2368 2693 2532 Längſt an den Solen abgetragen;
757 2525 2850 2703 Doch jetzt, dein Hin= und Wiedergehn
791 2689 2846 2850 Iſt nur um mir nicht Wort zu ſtehn.
798 2843 2433 3017 Ich aber bin gequält zu thun,
791 2979 3225 3143 Der Marſchalk und der Käm̄rer treibt mich nun.
805 3143 3126 3321 Der Kaiſer will, es muß ſogleich geſchehn,
822 3307 3119 3467 Will Helena und Paris vor ſich ſehen;
812 3474 3256 3618 Das Muſterbild der Männer, ſo der Frauen,
812 3635 3109 3795 In deutlichen Geſtalten will er ſchauen.
808 3758 3368 3978 Geſchwind ans Werk ich darf mein Wort nicht brechen.
1576 3947 1940 4157 Meph.
843 4102 3229 4283 Unſinnig war’s leichtſinnig zu verſprechen.
1481 4249 1931 4464 Fauſt.
778 4471 2618 4645 Du haſt, Geſelle, nicht bedacht
832 4642 2887 4805 Wohin uns deine Künſte führen;
866 4819 2949 5003 Erſt haben wir ihn reich gemacht,
866 4990 2846 5160 Nun ſollen wir ihn amüſiren.
3153 696 3246 788 40
