4096 6144
1477 942 1993 1129 Mephiſto.
969 1119 2822 1293 Daran erkenn ich den gelehrten Herrn!
983 1254 2560 1382 Was ihr nicht taſtet ſteht euch meilenfern,
979 1290 3112 1491 Was ihr nicht faßt das fehlt euch ganz und gar,
972 1447 3082 1652 Was ihr nicht rechnet, glaubt ihr ſey nicht wahr,
979 1590 3116 1819 Was ihr nicht wägt hat für euch kein Gewicht,
969 1740 3048 1989 Was ihr nicht münzt das meynt ihr gelte nicht.
1416 1979 1856 2116 Kaiſer.
921 2136 2949 2375 Dadurch ſind unſre Mängel nicht erledigt,
948 2300 3222 2532 Was willſt du jetzt mit deiner Faſtenpredigt
931 2481 2891 2693 Ich habe ſatt das ewige Wie und Wenn;
935 2638 3099 2880 Es fehlt an Geld, nun gut ſo ſchaff’ es denn.
1481 2887 1993 3089 Mephiſto.
945 3078 3106 3300 Ich ſchaffe was ihr wollt und ſchaffe mehr;
977 3240 3169 3486 Zwar iſt es leicht, doch iſt das leichte ſchwer;
942 3437 3150 3631 Es liegt ſchon da, doch um es zu erlangen
931 3601 3273 3816 Das iſt die Kunſt, wer weiß es anzufangen?
935 3771 3126 3976 Bedenckt doch nur: in jenen Schreckensläuften
955 3959 3167 4147 Wo Menſchenfluten Land und Volk erſäuften,
945 4140 3191 4331 Wie der und der, ſo ſehr es ihn erſchreckte,
938 4321 3215 4505 Sein Liebſtes da= und dorthwohin verſteckte.
935 4505 3143 4683 So wars von je in mächtiger Römer Zeit,
938 4676 3102 4864 Und ſo fortan, bis geſtern, ja bis heute.
911 4860 3085 5027 Das alles liegt im Boden ſtill begraben,
918 5014 3184 5198 Der Boden iſt des Kaiſers, der ſoll’s haben
3123 761 3266 914 11.
