4096 6144
3018 721 3164 1958 einen von uns erſtattete
2943 931 3056 1639 unterthänigſten
2821 680 3010 1986 Unſern Bericht und darauf erfolgtes
2677 660 2887 1955 tes Reſcript vom 15.ten October d. J.
2508 680 2723 1971 en Regiſtrator Schuchardt eine Beſol„
2324 675 2560 1925 szulage von Zwei hundert Thaler
2196 686 2401 1950 lich vom 1. Jan: k. J. an verwilligt
2012 721 2211 1945 ; und Wir weiſen den Camer=
1853 691 2073 1873 Controleur Hofman hiedurch an,
1679 701 1914 1873 Schuchardten dieſe Mehrbeſoldung
1520 696 1740 1925 ata vierteljährig, auszuzahlen.
1336 701 1561 1960 ugleich haben Wir auf Schuchardts
1208 701 1402 1950 thäniges Geſuch, demſelben einen
1034 706 1254 1955 dungsvorſchuß von 25 Thaler mit
855 706 1085 1950 Bedingung verwilligt, daß dieſer
706 696 911 1930 an ſeiner Beſoldung zu Oſtern
588 778 757 1960 wieder abgezogen werde, u
897 3676 2768 3826 Wie überall ein Sinnentanz.
928 3809 3054 4010 Ich griff nach holden Maskenzügen
921 3979 3239 4177 Und faßte Weſen daß mich’s ſchauerte....
918 4160 2836 4331 Ich möchte gerne mich betrügen,
890 4317 2843 4502 Wenn es nur länger dauerte.
1368 4509 3372 4689 /: ſich zwiſchen dem Geſtein verirrend :/
942 4706 2990 4870 Wo bin ich denn? Wo will’s hinaus?
918 4884 3191 5031 Das war ein Pfad, nun iſt’s ein Graus.
948 5034 3112 5212 Ich kam daher auf glatten Wegen,
921 5201 3229 5393 Und jetzt ſteht mir Geröll entgegen.
