4096 6144
1256 563 2041 778 Zweyter Act.
880 743 2611 1018 Hochgewölbtes, enges, gothiſches Zimmer,
894 969 2454 1150 ehemals Fauſtens, unverändert.
1249 1204 3280 1457 Mephiſtopheles /: hinter einem Vorhang hervor„
1897 1331 3249 1518 tretend. Indem er ihn aufhebt
1945 1464 3276 1645 und zurückſieht erblickt man Fau„
1949 1594 3246 1795 ſten hingeſtreckt auf einem
1966 1727 2983 1925 altväteriſchen Bette :/
948 1914 2368 2119 Hier lieg’ Unſeliger! verführt
955 2048 2508 2249 Zu ſchwergelöſtem Liebesbande!
972 2194 2245 2379 Wen Helena paralyſirt
962 2293 2802 2512 Der kommt ſo leicht nicht zu Verſtande.
1925 2416 2816 2662 /: ſich umſchauend :/
969 2624 2556 2826 Blick’ ich hinauf, hierher, hinüber,
989 2771 2590 2942 Allunverändert iſt es, unverſehrt;
962 2863 3054 3089 Die bunten Scheiben ſind, ſo dünkt mich, trüber,
969 3024 2788 3252 Die Spinneweben haben ſich vermehrt;
993 3153 3010 3362 Die Dinte ſtarrt, vergilbt iſt das Papier;
1013 3321 2519 3498 Doch alles iſt am Platz geblieben;
1013 3457 2560 3645 Sogar die Feder liegt noch hier,
1024 3560 3191 3802 Mit welcher Fauſt dem Teufel ſich verſchrieben.
1037 3751 2474 3932 Zu einem ſolchen einzigen Stück
1041 3870 2870 4089 Wünſcht’ ich dem größten Sam̄ler Glück.
1017 4014 3123 4229 Auch hängt der alte Pelz am alten Hacken,
1061 4167 2669 4362 Erinnert mich an jene Schnacken
1051 4304 2628 4478 Wie ich den Knaben einſt belehrt,
1051 4450 3020 4628 Woran er noch vielleicht als Jüngling zehrt.
1041 4601 2740 4751 Es kom̄t mir wahrlich das Gelüſten,
1051 4734 2672 4877 Rauchwarme Hülle, dir vereint,
1058 4850 2973 5000 Mich als Docent noch einmal zu erbrüſten,
1061 4973 2874 5133 Wie man ſo völlig recht zu haben meynt.
1054 5109 2532 5266 Gelehrte wiſſens zu erlangen,
1068 5229 2734 5393 Dem Teufel iſt es längſt vergangen.
1464 5369 3037 5536 /: er ſchüttelt den herabgenom̄enen Pelz,
737 3384 936 5084 Ja! tiefer in dem Rohre ſtockt
547 3399 788 5596 Ein Tröpflein Blut, wie ich’s ihm abgelockt.
