4096 6144
2085 846 3962 1041 Mephiſt. /: zurückkom̄end von oben her„
1443 1039 3870 1259 Vom ſtarren Fels vom ſtarren Volk zurück,
2938 996 3908 1122 unterkommend :/
1467 1235 3556 1396 Nun ſchauet wie im Hintergrunde,
1460 1358 3498 1536 Aus jedem zackigen Felſenſchlunde,
1474 1495 3476 1699 Bewaffnete hervor ſich drängen,
1464 1672 3539 1836 Die ſchmalen Pfade zu verengen.
1457 1805 3764 1996 Mit Helm und Harniſch, Schwerdtern, Schilden,
1438 1945 3691 2165 In unſerm Rücken eine Mauer bilden,
1413 2129 3659 2304 Den Wink erwartend zuzuſchlagen.
2304 2257 3855 2457 /: leiſe zu den Wiſſenden :/
1464 2416 3949 2611 Woher das kommt müſſt ihr nicht fragen.
1430 2577 3290 2781 Ich habe freylich nicht geſäumt
1433 2718 3722 2933 Die Waffenſäle ringsum aufgeräumt;
1413 2894 3594 3061 Da ſtanden ſie zu Fuß zu Pferde,
1397 3025 3799 3271 Als wären ſie noch Herrn der Erde,
1426 3201 3816 3355 Sonſt waren’s Ritter, König, Kaiſer,
1387 3328 3998 3573 Jetzt ſind es nichts als leere Schneckenhäuſer.
1418 3522 3968 3747 Gar manch Geſpenſt hat ſich darein geputzt,
1450 3696 3764 3867 Das Mittelalter lebhaft aufgeſtutzt.
1402 3840 3681 4049 Welch Teufelchen auch drinne ſteckt,
1406 4007 3631 4191 Für diesmal macht es doch Effect.
1467 4249 3532 4437 Hört wie ſie ſich voraus erboſen,
2088 4126 2549 4280 /: laut :/
1471 4406 3607 4560 Blechklappernd aneinander ſtoßen!
1428 4515 3906 4741 Auch flattern alte Fahnen bey Standarten,
2872 4510 3118 4633 fetzen
1426 4683 3877 4857 Die friſcher Lüftchen ungeduldig harrten.
1437 4836 3737 4997 Bedenkt, hier iſt ein altes Volk bereit
1448 4966 3916 5181 Und miſchte gern ſich auch zum neuen Streit.
1976 5150 3966 5321 /: furchtbarer Poſauenſchall von oben, im
1901 5294 3966 5563 feindlichen Heere merkliche Schwankung :/
