4096 6144
2269 853 2757 1041 Mephiſt.
1454 1003 3461 1184 Was du nicht alles zu erzählen haſt!
1447 1136 3809 1338 So klein du biſt, ſo groß biſt du Phantaſt.
1448 1310 2298 1536 Ich ſehe nichts –
2268 1459 3112 1689 Homunkulus.
2051 1652 3730 1815 Das glaub ich. Du aus Norden,
1448 1771 3312 1986 Im Nebelalter jung geworden,
1457 1942 3877 2129 Im Wuſt von Ritterthum und Pfäfferey,
1515 2099 3457 2263 Wo wäre da dein Auge frey!
1459 2206 3630 2442 Im Düſtern biſt du nur zu Hauſe.
2048 2396 3068 2563 /: umherſchauend :/
1495 2546 3584 2737 Verbräunt Geſtein, bemodert, widrig,
1484 2688 3773 2923 Spitzbögig, ſchnörckelhafteſt, niedrig! –
1505 2836 3773 3066 Erwacht uns dieſer, giebt es neue Noth,
1500 2974 3589 3225 Er bleibt gleich auf der Stelle todt.
1522 3177 3696 3365 Waldquellen, Schwäne, nackte Schönen,
1498 3365 3693 3536 Das war ſein ahnungsvoller Traum;
1546 3512 3816 3682 Wie wollt’ er ſich hierher gewöhnen!
1549 3669 3563 3850 Ich, der bequemſte, duld’ es kaum.
1542 3829 2751 4007 Nun fort mit ihm!
2379 3997 2894 4201 Mephiſt.
2440 4136 3966 4341 / Der Ausweg ſoll mich freuen.
2355 4321 2897 4519 Homunk.
1488 4505 3481 4693 Befiehl den Krieger in die Schlacht,
1495 4669 3529 4843 Das Mädchen führe du zum Reihen,
1491 4812 3314 4986 So iſt gleich alles abgemacht.
1518 4966 3508 5133 Jetzt eben, wie ich ſchnell bedacht,
1529 5113 3454 5297 Iſt claſſiſche Walpurgisnacht;
