4096 6144
928 976 2385 1174 Und ſo den allergrößten Schatz
1003 1129 2409 1344 Verſetz’ ich hier auf deinen Platz,
969 1293 2471 1508 Zu deinen Füßen ſey gebracht
972 1418 2652 1694 Die Erndte mancher blut’gen Schlacht.
1160 1665 2532 1846 So viele Kiſten ſchlepp’ ich her,
989 1805 2385 2007 Der Eiſenkiſten hab’ ich mehr;
983 1979 2423 2143 Erlaube mich auf deiner Bahn
1003 2123 2426 2314 Und Schatzgewölbe füll’ ich an.
1153 2290 2798 2498 Denn du beſtiegeſt kaum den Thron,
1003 2467 2549 2655 So neigen ſchon, ſo beugen ſchon
1010 2628 2717 2798 Verſtand und Reichthum und Gewalt
1003 2757 2406 2966 Sich vor der einzigen Geſtalt.
1157 2949 2708 3164 Das alles hielt ich feſt und mein,
1037 3130 2389 3280 Nun aber loſe, wird es dein,
1044 3292 2764 3502 Ich glaubt’ es würdig, hoch und baar,
1037 3464 2488 3696 Nun ſeh’ ich, daß es nichtig war.
1211 3693 2771 3877 Verſchwunden iſt was ich beſaß,
1054 3857 2539 4065 Ein abgemähtes welkes Gras:
1078 4031 2628 4205 O gieb mit einem heitern Blick,
1082 4215 2699 4440 Ihm ſeinen ganzen Werth zurück!
