<?xml version="1.0" encoding="UTF-8"  standalone="yes"?>
<PcGts xmlns="http://schema.primaresearch.org/PAGE/gts/pagecontent/2019-07-15" xmlns:xsi="http://www.w3.org/2001/XMLSchema-instance" xsi:schemaLocation="http://schema.primaresearch.org/PAGE/gts/pagecontent/2019-07-15 http://schema.primaresearch.org/PAGE/gts/pagecontent/2019-07-15/pagecontent.xsd">
  <Metadata>
	<Creator>escriptorium</Creator>
	<Created>2023-07-08T12:30:04.765061+00:00</Created>
        <LastChange>2023-07-08T12:30:04.765074+00:00</LastChange>

  </Metadata>
  <Page imageFilename="391098_0153_0.jpg" imageWidth="4096" imageHeight="6144">

    
    <TextRegion id="eSc_textblock_f5d485be"  custom="structure {type:text;}">
      <Coords points="2160,764 2795,832 2863,873 2918,1024 2877,1184 2686,1297 2686,1580 3013,1679 3027,1812 2809,1897 2740,2020 2727,2208 3013,2389 3000,2781 3177,2962 3177,3368 3041,3563 3041,3805 2795,3932 2699,4188 2768,4246 2850,4488 3058,4655 3218,4710 3218,4884 3082,5116 2918,5225 1160,5198 1078,5061 1133,4000 832,3928 832,1078 1119,819 2160,764"/>
      
      
      <TextLine id="eSc_line_20a8af48" custom="structure {type:default;}">
        <Coords points="1041,969 1041,986 1160,1020 1163,1020 1167,1020 1320,986 1378,1034 1382,1034 1385,1034 1389,1037 1433,1037 1433,1034 1437,1034 1440,1034 1512,983 1652,979 1754,1027 1757,1027 1761,1030 1832,1030 1832,1027 1901,1024 1904,1024 1908,1024 1949,993 2024,1024 2027,1024 2030,1024 2034,1024 2160,986 2266,996 2269,996 2430,972 2604,993 2607,993 2723,965 2761,983 2764,983 2768,983 2771,983 2826,955 2826,938 2819,884 2730,884 2587,815 2583,815 2580,815 2577,815 2443,884 2351,812 2348,812 2344,812 2228,812 2225,812 2116,815 2112,815 2109,815 2109,819 2044,873 1897,839 1894,839 1890,839 1788,897 1781,901 1638,901 1634,897 1573,849 1570,849 1566,849 1563,849 1559,849 1556,849 1556,853 1501,901 1498,904 1430,904 1419,901 1300,829 1297,829 1293,829 1235,829 1232,829 1228,829 1225,829 1109,904 1102,907 1037,907 1041,969"/>
        <Baseline points="1041,969 2826,938"/>
        <TextEquiv>
          <Unicode>Wunderſam! auch Schwäne kom̄en</Unicode>
        </TextEquiv>
      </TextLine>

      
      
      <TextLine id="eSc_line_098bac21" custom="structure {type:default;}">
        <Coords points="846,1129 853,1170 877,1150 914,1167 918,1167 921,1167 925,1167 979,1146 1054,1163 1061,1163 1064,1163 1082,1163 1218,1146 1235,1160 1239,1163 1242,1163 1245,1163 1249,1163 1252,1163 1256,1163 1256,1160 1259,1160 1259,1157 1276,1140 1368,1140 1423,1153 1522,1181 1525,1181 1529,1181 1532,1181 1536,1181 1583,1150 1597,1140 1693,1133 1713,1146 1761,1177 1764,1177 1768,1177 1771,1177 2239,1170 2242,1170 2245,1170 2245,1167 2276,1143 2385,1153 2389,1153 2392,1153 2481,1122 2498,1119 2532,1122 2689,1140 2693,1140 2696,1140 2699,1140 2727,1119 2771,1150 2775,1150 2778,1150 2781,1150 2785,1150 2867,1112 2867,1088 2853,1010 2792,1041 2549,1041 2505,1024 2501,1024 2498,1024 2358,1044 2331,1027 2307,1010 2304,1010 2300,1010 2297,1010 2293,1010 2245,1030 2194,1051 1983,1051 1955,1037 1897,1006 1894,1006 1890,1006 1887,1006 1884,1006 1843,1041 1829,1054 1809,1044 1795,1037 1792,1037 1788,1037 1785,1037 1761,1044 1730,1054 1720,1044 1686,1020 1682,1020 1679,1020 1594,1013 1590,1013 1437,1017 1433,1017 1430,1017 1392,1047 1358,1020 1355,1020 1351,1020 1348,1020 1344,1020 1341,1020 1293,1051 1218,1020 1215,1020 1051,1020 1047,1020 1044,1020 843,1071 846,1129"/>
        <Baseline points="846,1129 1375,1109 2867,1088"/>
        <TextEquiv>
          <Unicode>Aus den Buchten hergeſchwommen,</Unicode>
        </TextEquiv>
      </TextLine>

      
      
      <TextLine id="eSc_line_d22b6b76" custom="structure {type:default;}">
        <Coords points="901,1273 901,1300 996,1341 1000,1341 1003,1344 1082,1344 1082,1341 1085,1341 1088,1341 1088,1338 1116,1310 1177,1338 1181,1338 1184,1338 1187,1338 1273,1297 1273,1293 1409,1293 1413,1293 1536,1334 1539,1334 1542,1334 1546,1334 1549,1334 1549,1331 1590,1290 1607,1290 1850,1310 1853,1310 1856,1310 1945,1286 2065,1324 2068,1324 2071,1327 2194,1327 2194,1324 2198,1324 2283,1280 2286,1280 2290,1280 2375,1303 2379,1303 2382,1303 2385,1303 2389,1303 2413,1283 2413,1249 2402,1167 2324,1170 2321,1170 2317,1170 2317,1174 2290,1201 2129,1201 2095,1177 2092,1174 2088,1174 2085,1174 2007,1170 2003,1170 2000,1170 1996,1170 1983,1181 1962,1201 1911,1184 1897,1181 1894,1181 1890,1181 1887,1181 1884,1181 1884,1184 1880,1187 1860,1208 1727,1208 1679,1194 1624,1177 1621,1177 1556,1177 1553,1177 1549,1177 1546,1177 1546,1181 1522,1201 1515,1208 1501,1201 1460,1181 1457,1181 1454,1181 1450,1181 1447,1181 1409,1204 1334,1181 1331,1181 1327,1181 1129,1215 1109,1218 1095,1218 969,1187 965,1187 962,1187 897,1218 901,1273"/>
        <Baseline points="901,1273 2413,1249"/>
        <TextEquiv>
          <Unicode>Majeſtätiſch rein bewegt.</Unicode>
        </TextEquiv>
      </TextLine>

      
      
      <TextLine id="eSc_line_90b019e6" custom="structure {type:default;}">
        <Coords points="897,1423 897,1460 969,1460 1030,1505 1034,1505 1037,1505 1041,1508 1221,1508 1221,1505 1225,1505 1228,1505 1273,1474 1303,1498 1307,1498 1310,1498 1314,1498 1317,1498 1320,1498 1368,1457 1669,1457 1675,1457 1744,1501 1747,1501 1751,1501 1754,1505 1822,1505 1822,1501 1826,1501 1829,1501 1890,1454 1894,1454 2010,1454 2058,1498 2058,1501 2061,1501 2065,1501 2068,1501 2071,1501 2164,1467 2215,1501 2218,1501 2222,1501 2225,1501 2228,1501 2232,1501 2280,1464 2314,1464 2351,1498 2351,1501 2355,1501 2358,1501 2362,1505 2474,1505 2474,1501 2478,1501 2621,1450 2621,1416 2618,1368 2539,1334 2536,1334 2365,1331 2362,1331 2358,1331 2355,1331 2355,1334 2321,1368 2177,1368 2123,1338 2119,1338 2116,1338 2112,1338 2030,1368 1836,1368 1768,1331 1764,1331 1761,1331 1757,1331 1655,1361 1597,1334 1594,1334 1590,1334 1587,1334 1583,1334 1583,1338 1549,1368 1549,1372 1423,1372 1419,1368 1368,1334 1365,1334 1361,1334 1358,1334 1355,1334 1256,1368 1249,1372 1208,1372 1204,1368 1170,1338 1170,1334 1167,1334 1163,1334 965,1334 962,1334 959,1334 894,1361 897,1423"/>
        <Baseline points="897,1423 2621,1416"/>
        <TextEquiv>
          <Unicode>Ruhig ſchwebend, zart geſellig,</Unicode>
        </TextEquiv>
      </TextLine>

      
      
      <TextLine id="eSc_line_f6103426" custom="structure {type:default;}">
        <Coords points="897,1597 897,1621 1126,1634 1174,1679 1174,1682 1177,1682 1181,1682 1184,1682 1187,1682 1191,1682 1266,1628 1320,1679 1320,1682 1324,1682 1327,1682 1331,1686 1385,1686 1385,1682 1389,1682 1392,1682 1460,1621 1464,1621 1638,1621 1641,1621 1706,1655 1710,1655 1713,1655 1839,1624 1901,1675 1901,1679 1904,1679 1908,1679 1911,1679 1914,1679 1918,1679 1949,1652 1989,1679 1993,1679 1996,1679 2000,1679 2082,1675 2085,1675 2088,1675 2088,1672 2112,1655 2133,1672 2136,1672 2140,1672 2143,1672 2146,1672 2150,1672 2235,1617 2307,1675 2310,1675 2314,1675 2317,1679 2478,1679 2478,1675 2481,1675 2590,1617 2590,1587 2587,1539 2484,1501 2481,1501 2478,1501 2474,1501 2396,1522 2307,1498 2304,1498 2300,1498 2297,1498 2293,1498 2245,1536 2242,1539 2167,1539 2164,1536 2099,1491 2095,1491 2092,1491 2088,1491 2085,1491 2082,1491 2013,1536 1921,1495 1918,1495 1850,1495 1846,1495 1843,1495 1839,1495 1788,1532 1778,1539 1733,1532 1648,1522 1645,1522 1542,1532 1474,1539 1460,1532 1409,1498 1406,1498 1402,1498 1317,1498 1314,1498 1310,1498 1307,1498 1266,1532 1245,1542 1129,1536 1119,1529 1058,1498 1054,1498 955,1498 952,1498 948,1498 894,1522 897,1597"/>
        <Baseline points="897,1597 2590,1587"/>
        <TextEquiv>
          <Unicode>Aber ſtolz und ſelbſtgefällig</Unicode>
        </TextEquiv>
      </TextLine>

      
      
      <TextLine id="eSc_line_6e4d17bf" custom="structure {type:default;}">
        <Coords points="911,1757 907,1781 1105,1843 1109,1843 1112,1843 1116,1843 1184,1826 1419,1843 1423,1843 1426,1843 1430,1843 1501,1788 1566,1788 1604,1815 1607,1815 1611,1815 1614,1815 1617,1815 1679,1792 1918,1798 1986,1846 1989,1846 1993,1846 1996,1850 2119,1850 2119,1846 2123,1846 2228,1792 2467,1792 2471,1792 2529,1843 2529,1846 2532,1846 2536,1846 2539,1850 2655,1850 2655,1846 2658,1846 2751,1805 3003,1795 3007,1764 3007,1710 2877,1710 2877,1706 2839,1672 2839,1669 2836,1669 2833,1669 2829,1669 2826,1669 2740,1706 2737,1710 2542,1710 2536,1703 2488,1679 2484,1679 2481,1679 2310,1703 2276,1706 2269,1703 2242,1679 2242,1675 2239,1675 2235,1675 2232,1675 2228,1675 2225,1675 2198,1696 2160,1669 2157,1669 2153,1669 1959,1665 1839,1665 1836,1665 1832,1665 1829,1665 1829,1669 1798,1699 1795,1699 1792,1699 1754,1672 1751,1672 1747,1672 1744,1672 1740,1672 1737,1672 1696,1696 1686,1703 1672,1696 1614,1675 1611,1675 1607,1675 1604,1675 1600,1675 1600,1679 1580,1696 1570,1706 1508,1706 1495,1696 1467,1672 1464,1672 1460,1672 1457,1672 1454,1672 1409,1696 1392,1703 1372,1696 1297,1665 1293,1665 1290,1665 1286,1665 1225,1693 1204,1703 1187,1693 1143,1665 1140,1665 1136,1665 1054,1665 1051,1665 1047,1665 1044,1665 1044,1669 1017,1693 1006,1699 911,1693 911,1757"/>
        <Baseline points="911,1757 3007,1764"/>
        <TextEquiv>
          <Unicode>Wie ſich Haupt und Schnabel regt....</Unicode>
        </TextEquiv>
      </TextLine>

      
      
      <TextLine id="eSc_line_70f06277" custom="structure {type:default;}">
        <Coords points="897,1921 894,1983 1003,1986 1006,1986 1010,1986 1013,1986 1020,1983 1082,1942 1181,1938 1399,1938 1471,1972 1515,1989 1518,1989 1522,1993 1716,1993 1716,1989 1836,1962 1904,1949 2150,1952 2153,1955 2181,1976 2184,1976 2187,1976 2191,1976 2194,1976 2198,1976 2232,1952 2245,1945 2314,1952 2505,1972 2508,1972 2682,1942 2686,1931 2682,1863 2539,1877 2515,1863 2488,1843 2484,1843 2481,1843 2478,1843 2474,1843 2409,1863 2358,1877 2293,1863 2215,1846 2211,1846 2208,1846 2205,1846 2184,1863 2167,1877 2068,1863 1976,1853 1972,1853 1908,1863 1860,1873 1846,1863 1809,1839 1805,1839 1802,1839 1723,1839 1720,1839 1716,1839 1713,1839 1713,1843 1686,1867 1675,1877 1546,1877 1532,1867 1488,1836 1484,1836 1481,1836 1477,1836 1368,1860 1259,1836 1256,1836 1252,1836 1167,1867 1160,1870 1153,1867 1102,1836 1099,1836 1095,1836 989,1836 986,1836 983,1836 979,1836 979,1839 948,1867 945,1870 897,1870 897,1921"/>
        <Baseline points="897,1921 2686,1931"/>
        <TextEquiv>
          <Unicode>Einer aber ſcheint vor allen</Unicode>
        </TextEquiv>
      </TextLine>

      
      
      <TextLine id="eSc_line_57e6fc2a" custom="structure {type:default;}">
        <Coords points="901,2082 897,2119 1013,2126 1068,2167 1071,2167 1075,2167 1078,2167 1082,2167 1085,2167 1146,2119 1170,2119 1365,2112 1372,2119 1440,2181 1440,2184 1443,2184 1447,2184 1450,2187 1525,2187 1525,2184 1529,2184 1607,2140 1652,2181 1652,2184 1655,2184 1658,2184 1662,2184 1665,2184 1713,2167 1730,2184 1733,2184 1737,2184 1918,2187 1921,2187 1925,2187 1969,2164 2085,2187 2088,2187 2092,2187 2095,2187 2095,2184 2126,2160 2184,2167 2187,2167 2191,2167 2194,2167 2256,2116 2443,2116 2536,2116 2583,2136 2587,2136 2590,2136 2594,2136 2652,2112 2655,2088 2652,2034 2556,2034 2556,2030 2467,1993 2464,1993 2461,1993 2457,1993 2402,2020 2365,1986 2362,1986 2358,1986 2355,1986 2146,2030 2140,2034 1921,2034 1918,2030 1853,1986 1850,1986 1846,1986 1843,1986 1839,1986 1836,1986 1778,2020 1621,2000 1617,2000 1614,2000 1611,2000 1587,2020 1549,1986 1549,1983 1546,1983 1542,1983 1539,1983 1293,2027 1249,1989 1249,1986 1245,1986 1242,1986 989,1983 986,1983 983,1983 901,2024 901,2082"/>
        <Baseline points="901,2082 2655,2088"/>
        <TextEquiv>
          <Unicode>Brüſtend kühn ſich zu gefallen,</Unicode>
        </TextEquiv>
      </TextLine>

      
      
      <TextLine id="eSc_line_c36ff19e" custom="structure {type:default;}">
        <Coords points="865,2247 860,2288 936,2288 957,2298 1024,2334 1029,2334 1034,2334 1039,2334 1044,2334 1085,2304 1105,2288 1336,2288 1443,2309 1556,2334 1561,2334 1566,2334 1602,2314 1648,2288 1679,2319 1694,2329 1694,2334 1699,2334 1704,2334 1914,2339 1920,2339 1925,2339 1930,2339 1930,2334 1945,2324 1981,2293 2160,2293 2227,2329 2232,2334 2237,2334 2242,2334 2247,2334 2257,2334 2416,2293 2600,2339 2616,2257 2600,2150 2503,2181 2370,2150 2350,2150 2344,2150 2339,2150 2329,2155 2237,2181 2196,2155 2191,2150 2186,2150 2181,2150 2176,2150 2170,2150 2155,2155 2088,2186 1838,2186 1781,2160 1740,2145 1735,2145 1730,2145 1725,2145 1720,2145 1704,2160 1694,2170 1664,2160 1597,2145 1592,2145 1587,2145 1582,2145 1576,2145 1556,2165 1536,2176 1443,2165 1300,2150 1295,2150 1121,2170 1064,2176 1044,2170 957,2145 952,2145 947,2145 942,2145 865,2170 865,2247"/>
        <Baseline points="870,2252 2617,2258"/>
        <TextEquiv>
          <Unicode>Segelnd raſch durch alle fort;</Unicode>
        </TextEquiv>
      </TextLine>

      
      
      <TextLine id="eSc_line_aab7dac2" custom="structure {type:default;}">
        <Coords points="2918,2334 2908,2329 2493,2344 2467,2334 2411,2309 2406,2309 2401,2309 2396,2309 2324,2339 2304,2344 2293,2339 2252,2304 2247,2304 2242,2304 2237,2304 2232,2304 2109,2339 2104,2339 2099,2339 1873,2309 1868,2309 1863,2309 1858,2309 1812,2344 1802,2355 1664,2355 1643,2350 1387,2309 1382,2309 1377,2309 1228,2350 926,2309 921,2309 916,2309 911,2309 911,2314 870,2344 875,2432 875,2478 1008,2462 1029,2478 1064,2508 1070,2508 1075,2508 1080,2513 1280,2513 1280,2508 1285,2508 1290,2508 1290,2503 1326,2472 1341,2462 1745,2462 1766,2467 1868,2508 1873,2508 1879,2508 2288,2503 2600,2457 2626,2457 2636,2457 2805,2503 2810,2503 2816,2503 2821,2503 2826,2503 2826,2498 2872,2457 2933,2457 2938,2421 2923,2334 2918,2334"/>
        <Baseline points="876,2433 2942,2423"/>
        <TextEquiv>
          <Unicode>Sein Gefieder bläht ſich ſchwellend,</Unicode>
        </TextEquiv>
      </TextLine>

      
      
      <TextLine id="eSc_line_2a3f9446" custom="structure {type:default;}">
        <Coords points="870,2616 870,2698 1121,2652 1177,2693 1182,2693 1187,2693 1192,2693 1213,2688 1372,2652 1464,2682 1500,2693 1505,2693 1510,2693 1515,2693 1561,2677 1669,2647 1745,2672 1797,2693 1802,2693 1807,2693 1812,2693 1863,2672 1925,2641 1981,2667 2027,2688 2032,2688 2037,2693 2211,2693 2211,2688 2216,2688 2304,2657 2350,2641 2728,2641 2734,2641 2846,2688 2851,2688 2856,2688 2862,2688 2964,2636 2964,2606 2944,2493 2862,2524 2718,2498 2713,2498 2708,2498 2682,2498 2293,2524 2268,2508 2237,2483 2232,2483 2227,2483 2222,2483 1792,2488 1786,2488 1781,2488 1781,2493 1756,2513 1710,2488 1704,2488 1699,2488 1694,2488 1495,2513 1438,2488 1433,2488 1428,2488 1423,2488 1418,2488 1356,2524 1346,2534 1218,2534 1208,2529 1029,2488 1024,2488 1018,2488 1013,2488 1013,2493 977,2529 865,2534 870,2616"/>
        <Baseline points="873,2618 2966,2610"/>
        <TextEquiv>
          <Unicode>Welle ſelbſt, auf Wogen wellend,</Unicode>
        </TextEquiv>
      </TextLine>

      
      
      <TextLine id="eSc_line_f5f88c0a" custom="structure {type:default;}">
        <Coords points="849,2805 849,2833 962,2843 1010,2887 1010,2891 1013,2891 1017,2891 1020,2894 1133,2894 1133,2891 1136,2891 1140,2891 1211,2836 1276,2836 1341,2839 1402,2891 1406,2891 1409,2891 1413,2894 1505,2894 1505,2891 1508,2891 1512,2891 1512,2887 1563,2839 1730,2833 1815,2891 1819,2891 1822,2891 1826,2894 1877,2894 1877,2891 1966,2887 1969,2887 2071,2836 2129,2887 2133,2887 2136,2887 2140,2891 2245,2891 2245,2887 2249,2887 2355,2829 2358,2829 2556,2829 2580,2850 2583,2850 2587,2850 2590,2850 2594,2850 2624,2833 2672,2877 2676,2877 2679,2877 2682,2877 2686,2877 2771,2833 2853,2846 2856,2846 2860,2846 2911,2826 2911,2798 2901,2744 2822,2751 2805,2740 2771,2717 2768,2717 2764,2717 2761,2717 2757,2717 2682,2740 2679,2740 2676,2740 2577,2717 2573,2717 2570,2717 2484,2740 2437,2751 2304,2747 2290,2737 2259,2717 2256,2717 2252,2717 2034,2717 2030,2717 2027,2717 2024,2717 2024,2720 2007,2737 1993,2751 1955,2737 1952,2737 1949,2737 1945,2737 1873,2754 1836,2734 1805,2720 1802,2720 1757,2720 1754,2720 1751,2720 1747,2720 1747,2723 1733,2734 1713,2757 1529,2757 1477,2734 1471,2730 1467,2730 1464,2730 1460,2730 1457,2730 1457,2734 1433,2757 1338,2757 1310,2730 1300,2723 1300,2720 1297,2720 1293,2720 1290,2720 1286,2720 1259,2730 1208,2757 1099,2757 1051,2730 1030,2720 1027,2720 1024,2720 846,2727 849,2805"/>
        <Baseline points="849,2805 2911,2798"/>
        <TextEquiv>
          <Unicode>Dringt er zu dem heiligen Ort....</Unicode>
        </TextEquiv>
      </TextLine>

      
      
      <TextLine id="eSc_line_4a6a82a0" custom="structure {type:default;}">
        <Coords points="846,2990 846,3020 1092,3020 1170,3048 1174,3048 1177,3048 1283,3031 1310,3051 1314,3051 1317,3051 1320,3051 1423,3027 1450,3048 1450,3051 1454,3051 1457,3051 1614,3054 1617,3054 1720,3031 1809,3051 1812,3051 1815,3051 1819,3051 1870,3024 2245,3054 2249,3054 2252,3054 2256,3054 2304,3017 2327,3034 2331,3034 2334,3034 2338,3034 2908,3020 3000,3058 3003,3058 3007,3058 3010,3058 3143,3017 3147,3000 3140,2932 3031,2949 2996,2932 2959,2911 2955,2911 2952,2911 2949,2911 2945,2911 2945,2914 2925,2932 2904,2952 2826,2952 2764,2942 2754,2932 2720,2901 2717,2901 2713,2901 2519,2901 2515,2901 2512,2901 2450,2935 2423,2949 2406,2935 2372,2904 2368,2904 2365,2904 2300,2897 2297,2897 2293,2897 2160,2935 2119,2945 2065,2935 2020,2928 2017,2928 1976,2935 1925,2945 1870,2935 1662,2897 1658,2897 1655,2897 1583,2925 1566,2908 1563,2908 1559,2908 1556,2908 1553,2908 1549,2908 1505,2938 1495,2945 1382,2945 1372,2938 1324,2908 1320,2908 1317,2908 1314,2908 1310,2908 1307,2908 1269,2938 1262,2945 1181,2945 1174,2938 1119,2904 1116,2904 1112,2904 976,2894 972,2894 969,2894 846,2938 846,2990"/>
        <Baseline points="846,2990 3147,3000"/>
        <TextEquiv>
          <Unicode>Die andern ſchwimmen hin und wieder</Unicode>
        </TextEquiv>
      </TextLine>

      
      
      <TextLine id="eSc_line_6b922fe4" custom="structure {type:default;}">
        <Coords points="880,3181 877,3205 983,3198 1024,3208 1058,3218 1061,3218 1064,3218 1068,3218 1095,3208 1126,3198 1140,3208 1198,3252 1201,3252 1204,3252 1208,3256 1495,3256 1495,3252 1498,3252 1570,3215 1621,3252 1624,3252 1628,3252 1631,3256 1737,3256 1737,3252 1740,3252 1826,3205 1839,3201 1996,3201 2020,3205 2075,3218 2112,3252 2112,3256 2116,3256 2119,3256 2123,3259 2269,3259 2269,3256 2273,3256 2276,3256 2276,3252 2317,3218 2392,3235 2396,3235 2399,3235 2402,3235 2402,3232 2433,3205 2437,3201 2689,3201 2730,3201 2843,3242 2846,3242 2850,3242 2853,3242 2932,3201 2935,3181 2935,3123 2853,3089 2850,3089 2682,3089 2679,3089 2676,3089 2672,3089 2638,3116 2501,3089 2498,3089 2495,3089 2491,3089 2450,3119 2450,3123 2382,3123 2379,3119 2338,3092 2334,3092 2331,3092 2327,3092 2088,3119 2078,3119 2010,3089 2007,3089 2003,3089 2000,3089 1996,3089 1996,3092 1966,3119 1959,3119 1829,3102 1826,3102 1822,3102 1768,3119 1764,3119 1730,3089 1730,3085 1727,3085 1723,3085 1652,3085 1648,3085 1645,3085 1641,3085 1594,3116 1474,3095 1471,3095 1467,3095 1464,3095 1464,3099 1447,3112 1375,3085 1372,3085 1368,3085 1365,3085 1361,3085 1361,3089 1327,3116 1327,3119 1181,3119 1181,3116 1153,3092 1153,3089 1150,3089 1146,3089 1143,3089 1017,3106 931,3085 928,3085 925,3085 921,3085 918,3085 880,3106 880,3181"/>
        <Baseline points="880,3181 1583,3170 2935,3181"/>
        <TextEquiv>
          <Unicode>Mit ruhig glänzendem Gefieder,</Unicode>
        </TextEquiv>
      </TextLine>

      
      
      <TextLine id="eSc_line_fdeb51a4" custom="structure {type:default;}">
        <Coords points="865,3353 860,3379 967,3409 972,3409 977,3409 1157,3389 1249,3445 1254,3445 1259,3445 1264,3445 1423,3435 1428,3435 1525,3389 1530,3389 1602,3389 1607,3389 1658,3440 1658,3445 1664,3445 1669,3445 1674,3445 1679,3445 1879,3394 1930,3440 1930,3445 1935,3445 1940,3445 1945,3450 2058,3450 2058,3445 2063,3445 2068,3445 2068,3440 2109,3404 2176,3404 2227,3445 2232,3445 2237,3445 2242,3450 2452,3450 2452,3445 2457,3445 2462,3445 2524,3404 2549,3389 2979,3389 3005,3409 3041,3440 3041,3445 3046,3445 3051,3445 3056,3445 3061,3445 3133,3409 3138,3358 3133,3266 3000,3240 2995,3240 2990,3240 2984,3240 2949,3266 2918,3281 2882,3266 2810,3235 2805,3235 2800,3235 2580,3266 2544,3271 2529,3266 2437,3235 2432,3235 2426,3235 2421,3235 2360,3266 2329,3287 1556,3287 1541,3271 1500,3240 1495,3240 1489,3240 1484,3240 1479,3240 1418,3261 1361,3235 1356,3235 1351,3235 1346,3235 1213,3276 1187,3281 1177,3276 1121,3235 1116,3235 1111,3235 926,3235 921,3235 916,3235 911,3235 865,3266 865,3353"/>
        <Baseline points="866,3358 3143,3361"/>
        <TextEquiv>
          <Unicode>Bald auch in regem prächtigen Streit;</Unicode>
        </TextEquiv>
      </TextLine>

      
      
      <TextLine id="eSc_line_b33797a6" custom="structure {type:default;}">
        <Coords points="846,3546 846,3566 894,3587 897,3587 901,3587 904,3587 938,3570 1000,3621 1003,3621 1006,3621 1010,3624 1184,3624 1184,3621 1187,3621 1191,3621 1273,3570 1399,3566 1488,3563 1597,3566 1703,3566 1754,3618 1754,3621 1757,3621 1761,3621 1764,3621 1768,3621 1938,3577 1993,3621 1996,3621 2000,3621 2003,3624 2208,3624 2208,3621 2211,3621 2321,3566 2682,3590 2686,3590 2689,3590 2798,3560 2798,3543 2788,3485 2703,3491 2682,3485 2614,3454 2611,3454 2607,3454 2604,3454 2546,3485 2532,3491 2508,3485 2416,3454 2413,3454 2409,3454 2406,3454 2402,3454 2358,3485 2344,3495 2280,3495 2269,3485 2235,3457 2232,3457 2228,3457 2225,3457 2222,3457 2167,3485 2153,3491 2140,3485 2088,3464 2085,3464 2082,3464 1986,3485 1962,3491 1955,3485 1928,3461 1928,3457 1925,3457 1921,3457 1918,3457 1914,3457 1856,3485 1819,3461 1815,3461 1812,3461 1809,3461 1805,3461 1737,3488 1727,3491 1713,3488 1638,3454 1634,3454 1631,3454 1628,3454 1515,3488 1498,3495 1334,3495 1327,3488 1283,3454 1280,3454 1276,3454 1187,3454 1184,3454 1181,3454 1177,3454 1177,3457 1143,3488 1140,3495 1082,3495 1078,3488 1044,3457 1044,3454 1041,3454 1037,3454 952,3454 948,3454 945,3454 942,3454 942,3457 907,3488 843,3488 846,3546"/>
        <Baseline points="846,3546 2798,3543"/>
        <TextEquiv>
          <Unicode>Die ſcheuen Mädchen abzulenken,</Unicode>
        </TextEquiv>
      </TextLine>

      
      
      <TextLine id="eSc_line_ba0ed495" custom="structure {type:default;}">
        <Coords points="853,3717 849,3741 884,3741 952,3795 955,3795 959,3795 962,3799 1204,3799 1204,3795 1208,3795 1365,3744 1368,3744 1467,3802 1471,3802 1474,3802 1477,3805 1611,3805 1611,3802 1614,3802 1713,3761 1744,3775 1747,3775 1751,3775 1921,3751 1925,3751 1928,3751 2061,3778 2065,3778 2068,3778 2102,3768 2123,3785 2123,3788 2126,3788 2129,3788 2133,3788 2269,3771 2314,3809 2314,3812 2317,3812 2321,3812 2324,3816 2430,3816 2430,3812 2433,3812 2437,3812 2508,3761 2720,3761 2918,3802 2921,3802 2925,3802 3013,3761 3017,3744 3007,3659 2949,3686 2884,3659 2860,3648 2856,3648 2853,3648 2850,3648 2829,3659 2775,3686 2720,3686 2696,3659 2682,3648 2682,3645 2679,3645 2676,3645 2672,3645 2669,3645 2641,3659 2611,3676 2508,3659 2478,3655 2474,3655 2471,3655 2467,3655 2467,3659 2464,3659 2440,3682 2348,3682 2317,3659 2293,3642 2290,3642 2286,3642 2239,3642 2235,3642 2232,3642 2228,3642 2205,3659 2184,3676 2119,3676 2088,3659 2048,3638 2044,3638 2041,3638 1952,3659 1938,3662 1935,3659 1908,3638 1904,3638 1901,3638 1897,3638 1894,3638 1890,3638 1890,3642 1870,3659 1856,3676 1744,3676 1703,3659 1617,3631 1614,3631 1611,3631 1607,3631 1553,3659 1532,3672 1416,3672 1361,3669 1351,3659 1317,3628 1314,3628 1310,3628 1119,3624 1116,3624 1112,3624 1109,3624 1082,3645 986,3624 983,3624 979,3624 976,3624 935,3659 931,3662 853,3662 853,3717"/>
        <Baseline points="853,3717 3017,3744"/>
        <TextEquiv>
          <Unicode>Daß ſie an ihren Dienſt nicht denken,</Unicode>
        </TextEquiv>
      </TextLine>

      
      
      <TextLine id="eSc_line_9fd38a12" custom="structure {type:default;}">
        <Coords points="2734,3860 2566,3816 2563,3816 2560,3816 2392,3850 2362,3857 2341,3850 2235,3812 2232,3812 2078,3812 2075,3812 2071,3812 2003,3843 1986,3853 1822,3853 1802,3836 1788,3826 1785,3826 1781,3826 1778,3826 1774,3826 1771,3826 1757,3836 1737,3853 1628,3853 1604,3833 1580,3812 1576,3812 1573,3812 1570,3812 1566,3812 1518,3833 1481,3846 1443,3829 1433,3826 1430,3826 1426,3826 1423,3826 1409,3829 1338,3846 1293,3826 1283,3822 1280,3822 1276,3822 1273,3822 1269,3822 1266,3826 1235,3846 1204,3822 1174,3802 1170,3802 1167,3802 938,3802 935,3802 931,3802 928,3802 911,3819 887,3836 863,3816 856,3898 856,3952 901,3928 1109,3952 1112,3952 1280,3932 1440,3949 1443,3949 1447,3949 1481,3932 1525,3956 1573,3986 1576,3986 1580,3986 1774,3990 1778,3990 1781,3990 1785,3990 1785,3986 1819,3959 1846,3935 1918,3956 1921,3956 1925,3956 2013,3938 2041,3959 2082,3993 2085,3993 2088,3993 2092,3997 2167,3997 2167,3993 2170,3993 2228,3962 2266,3993 2269,3993 2273,3993 2358,3997 2362,3997 2365,3997 2464,3962 2501,3949 2522,3962 2525,3966 2529,3966 2532,3966 2536,3966 2539,3966 2546,3962 2573,3949 2727,3962 2734,3915 2734,3860"/>
        <Baseline points="856,3898 2734,3915"/>
        <TextEquiv>
          <Unicode>Nur an die eigne Sicherheit.</Unicode>
        </TextEquiv>
      </TextLine>

      
      
      <TextLine id="eSc_line_a5cd4010" custom="structure {type:default;}">
        <Coords points="1515,4089 1512,4143 1546,4167 1549,4167 1553,4167 1556,4167 2133,4140 2136,4096 2136,4044 2071,4044 2071,4041 2034,4010 2030,4010 2027,4010 2024,4010 2020,4010 1918,4041 1914,4041 1764,4041 1737,4041 1689,4007 1686,4007 1682,4007 1679,4007 1556,4010 1553,4010 1549,4010 1515,4031 1515,4089"/>
        <Baseline points="1515,4089 2136,4096"/>
        <TextEquiv>
          <Unicode>Nymphen.</Unicode>
        </TextEquiv>
      </TextLine>

      
      
      <TextLine id="eSc_line_8caacf60" custom="structure {type:default;}">
        <Coords points="1146,4305 1146,4392 1382,4352 1484,4382 1500,4387 1505,4387 1510,4392 1761,4392 1761,4387 1766,4387 1771,4387 1771,4382 1786,4372 1812,4346 1868,4372 1884,4377 1889,4377 1894,4377 2119,4362 2344,4346 2355,4352 2396,4387 2401,4387 2406,4387 2411,4392 2503,4392 2503,4387 2508,4387 2682,4341 2682,4300 2672,4229 2478,4193 2472,4193 2467,4193 2350,4224 2304,4183 2298,4183 2293,4183 2186,4183 2181,4183 2176,4183 2170,4183 2170,4188 2124,4229 1940,4229 1909,4198 1904,4198 1899,4198 1894,4198 1740,4224 1689,4183 1684,4183 1679,4183 1674,4183 1397,4213 1254,4183 1249,4183 1244,4183 1141,4224 1146,4305"/>
        <Baseline points="1150,4311 2686,4304"/>
        <TextEquiv>
          <Unicode>Leget Schweſtern euer Ohr</Unicode>
        </TextEquiv>
      </TextLine>

      
      
      <TextLine id="eSc_line_5c783fa7" custom="structure {type:default;}">
        <Coords points="1111,4469 1111,4531 1177,4495 1520,4495 1623,4531 1648,4536 1653,4536 1658,4536 1664,4536 1699,4526 1776,4510 1909,4526 2032,4541 2037,4541 2042,4541 2048,4541 2048,4536 2063,4526 2094,4500 2426,4500 2462,4526 2483,4541 2488,4541 2493,4541 2498,4541 2503,4541 2575,4526 2641,4505 2662,4520 2677,4536 2677,4541 2682,4541 2688,4541 2693,4541 2698,4541 2764,4520 2769,4480 2769,4392 2667,4362 2662,4362 2657,4362 2652,4362 2575,4392 2554,4398 2529,4392 2452,4362 2447,4362 2442,4362 2437,4362 2350,4392 2324,4403 2058,4403 2048,4392 2027,4372 2022,4372 2017,4372 2012,4372 2007,4372 1960,4392 1940,4398 1920,4392 1822,4357 1817,4357 1812,4357 1807,4357 1730,4392 1725,4392 1715,4392 1592,4357 1587,4357 1582,4357 1576,4357 1505,4392 1500,4392 1459,4357 1454,4357 1448,4357 1280,4357 1274,4357 1111,4387 1111,4469"/>
        <Baseline points="1116,4474 2775,4480"/>
        <TextEquiv>
          <Unicode>An des Ufers grüne Stufe;</Unicode>
        </TextEquiv>
      </TextLine>

      
      
      <TextLine id="eSc_line_001f5c4a" custom="structure {type:default;}">
        <Coords points="2945,4570 2478,4573 2474,4573 2409,4539 2406,4539 2402,4539 2259,4556 2058,4532 2054,4532 2051,4532 1972,4560 1897,4539 1894,4539 1890,4539 1713,4577 1607,4536 1604,4536 1600,4536 1597,4536 1594,4536 1532,4584 1450,4584 1392,4539 1389,4539 1385,4539 1256,4539 1252,4539 1249,4539 1153,4580 1157,4635 1157,4717 1215,4713 1218,4713 1221,4713 1266,4676 1351,4710 1361,4713 1365,4713 1368,4717 1536,4717 1536,4713 1539,4713 1542,4713 1559,4703 1634,4655 1703,4696 1723,4710 1727,4710 1730,4710 1733,4713 1890,4713 1890,4710 1894,4710 1897,4710 1925,4686 1969,4655 2085,4676 2088,4676 2184,4655 2317,4669 2321,4669 2413,4652 2437,4666 2443,4672 2447,4672 2450,4672 2454,4672 2457,4672 2478,4666 2529,4648 2600,4662 2669,4672 2672,4672 2798,4655 2846,4679 2850,4679 2853,4679 2856,4679 2966,4645 2966,4621 2955,4577 2945,4570"/>
        <Baseline points="1157,4635 2966,4621"/>
        <TextEquiv>
          <Unicode>Hör’ ich recht, ſo kom̄t mir vor</Unicode>
        </TextEquiv>
      </TextLine>

      
      
      <TextLine id="eSc_line_96905309" custom="structure {type:default;}">
        <Coords points="1109,4792 1109,4829 1477,4819 1491,4829 1525,4860 1529,4860 1532,4860 1536,4860 1539,4860 1645,4829 1679,4860 1679,4864 1682,4864 1686,4864 1689,4867 1815,4867 1815,4864 1819,4864 1822,4864 1867,4826 1880,4819 1938,4826 2010,4836 2013,4836 2058,4826 2092,4819 2116,4826 2235,4867 2239,4867 2242,4870 2396,4870 2396,4867 2399,4867 2402,4867 2457,4833 2638,4846 2641,4846 2645,4846 2689,4823 2693,4823 2775,4867 2778,4867 2781,4870 2996,4870 2996,4867 3000,4867 3003,4867 3068,4823 3194,4823 3198,4799 3194,4720 2962,4696 2959,4696 2955,4696 2952,4696 2918,4720 2891,4737 2850,4720 2829,4713 2826,4713 2822,4713 2747,4720 2618,4737 2594,4724 2566,4703 2563,4703 2560,4703 2430,4696 2426,4696 2423,4696 2331,4724 2297,4737 2157,4737 1993,4727 1931,4724 1914,4706 1914,4703 1911,4703 1908,4703 1904,4703 1901,4703 1853,4720 1771,4693 1768,4693 1764,4693 1761,4693 1757,4693 1703,4730 1696,4734 1648,4730 1505,4713 1501,4713 1498,4713 1433,4730 1423,4734 1419,4730 1382,4696 1382,4693 1378,4693 1375,4693 1221,4693 1218,4693 1215,4693 1109,4730 1109,4792"/>
        <Baseline points="1109,4792 3198,4799"/>
        <TextEquiv>
          <Unicode>Als der Schall von Pferdes Hufe.</Unicode>
        </TextEquiv>
      </TextLine>

      
      
      <TextLine id="eSc_line_2373cfcc" custom="structure {type:default;}">
        <Coords points="1116,4956 1116,5032 1274,5007 1305,5032 1310,5032 1315,5032 1320,5032 1331,5032 1454,5007 1602,5027 1633,5032 1638,5032 1643,5032 1648,5032 1648,5027 1699,4997 2334,4997 2401,5022 2432,5032 2437,5032 2442,5032 2524,5022 2667,4997 2795,5017 2887,5032 2892,5032 3107,5012 3107,4956 3107,4874 2780,4858 2775,4858 2769,4858 2723,4874 2693,4884 2677,4874 2631,4843 2626,4843 2621,4843 2616,4843 2611,4843 2606,4843 2570,4874 2447,4853 2442,4853 2437,4853 2432,4853 2401,4879 2385,4889 2007,4889 1991,4879 1889,4843 1884,4843 1879,4843 1873,4843 1756,4884 1751,4884 1745,4884 1653,4843 1648,4843 1233,4843 1228,4843 1223,4843 1116,4884 1116,4956"/>
        <Baseline points="1118,4961 3109,4959"/>
        <TextEquiv>
          <Unicode>Wüßt’ ich nur wer dieſer Nacht</Unicode>
        </TextEquiv>
      </TextLine>

      
      
      <TextLine id="eSc_line_2a920087" custom="structure {type:default;}">
        <Coords points="1150,5099 1146,5140 1194,5184 1194,5188 1198,5188 1201,5188 1204,5191 1262,5191 1262,5188 1266,5188 1269,5188 1269,5184 1317,5140 1365,5133 1382,5133 1662,5133 1665,5137 1696,5157 1699,5157 1703,5157 1706,5157 1805,5140 1819,5137 1822,5140 1846,5160 1846,5164 1850,5164 1853,5164 1856,5164 1860,5164 1880,5154 1931,5178 1935,5178 1938,5178 1942,5178 1945,5178 1972,5154 2027,5188 2030,5188 2034,5188 2037,5188 2041,5188 2146,5143 2153,5140 2157,5143 2239,5198 2242,5198 2245,5198 2249,5198 2252,5198 2317,5174 2365,5198 2368,5198 2372,5201 2467,5201 2467,5198 2471,5198 2474,5198 2553,5147 2556,5147 2560,5147 2614,5198 2614,5201 2618,5201 2621,5201 2624,5205 2798,5205 2798,5201 2802,5201 2870,5164 2976,5150 2979,5116 2966,5014 2904,5058 2856,5038 2853,5038 2850,5038 2689,5061 2648,5021 2641,5017 2641,5014 2638,5014 2635,5014 2631,5014 2628,5014 2624,5014 2624,5017 2618,5021 2577,5061 2290,5061 2252,5027 2232,5010 2232,5007 2228,5007 2225,5007 2222,5007 2218,5007 2164,5031 2102,5055 2078,5031 2054,5010 2054,5007 2051,5007 2048,5007 1880,5003 1720,5003 1716,5003 1713,5003 1710,5003 1710,5007 1675,5038 1662,5051 1614,5051 1597,5041 1549,5003 1546,5003 1542,5003 1539,5003 1536,5003 1532,5003 1481,5041 1467,5051 1416,5051 1406,5044 1361,5010 1358,5010 1355,5010 1239,5000 1235,5000 1232,5000 1150,5041 1150,5099"/>
        <Baseline points="1150,5099 2979,5116"/>
        <TextEquiv>
          <Unicode>Schnelle Botſchaft zugebracht.</Unicode>
        </TextEquiv>
      </TextLine>

      
    </TextRegion>
    

    
  </Page>
</PcGts>
