4096 6144
855 595 1822 1073 Sig 19. p. 289.
1112 918 1634 1143 Phorkyas.
675 1116 1976 1286 Höret allerliebſte Klänge,
696 1273 2232 1450 Macht euch ſchnell von Fabeln frey,
692 1419 1935 1587 Eurer Götter alt Gemenge
665 1573 2030 1771 Laßt es hin, es iſt vorbey.
665 1812 2181 1962 Niemand will euch mehr verſtehen,
648 1942 2027 2123 Fordern wir doch höhern Zoll:
645 2099 2211 2266 Denn es muß von Herzen gehen,
658 2239 2071 2413 Was auf Herzen wirken ſoll.
1126 2368 2805 2597 /: ſie zieht ſich nach den Felſen zurück :/
1153 2546 1419 2747 Chor.
692 2676 2109 2850 Biſt du fürchterliches Weſen
689 2836 1989 3007 Dieſem Schmeichelton geneigt,
658 2973 2068 3150 Fühlen wir, als friſch geneſen,
682 3130 2078 3314 Uns zur Thränenluſt erweicht.
669 3300 2283 3481 Laß der Sonne Glanz verſchwinden,
634 3461 1935 3628 Wenn es in der Seele tagt,
662 3587 2068 3751 Wir im eignen Herzen finden
619 3717 2094 3927 Was die ganze Welt verſagt.
515 3911 3092 4140 Helena, Fauſt, Euphorion /: in dem oben beſchriebenen Coſtüm :/
1075 4090 1546 4234 Euphorion.
672 4235 1935 4386 Hört ihr Kindeslieder ſingen,
641 4348 1894 4512 Gleich iſt’s euer eigner Scherz;
655 4468 1928 4601 Seht ihr mich im Tacte ſpringen,
658 4567 1867 4765 Hüpft euch elterlich das Herz.
1133 4683 1491 4870 Helena.
672 4826 1860 4986 Liebe, menſchlich zu beglücken
672 4945 1716 5082 Nähert ſie ein edles Zwey,
665 5075 1761 5198 Doch zu göttlichem Entzücken
658 5198 1856 5389 Bildet ſie ein köſtlich Drey.
