4096 6144
1136 860 2027 1064 Weiber Geklatſch.
914 1071 2580 1252 Da droben auf dem Viergeſpann
928 1242 2525 1416 Das iſt gewiß ein Charlatan;
948 1399 2833 1580 Seht hintendrauf gekautzt Hanswurſt,
962 1573 2932 1744 Doch abgezehrt von Hunger und Durſt,
962 1730 2788 1884 Wie man ihn niemals noch erblickt.
976 1884 2996 2054 Er fühlt wohl nicht wenn man ihn zwickt.
1191 2102 2245 2228 Der Abgemagerte.
989 2181 2280 2362 Vom Leibe mir! Eckles
993 2290 2925 2447 Miraus dem Wege Weibsgeſchlecht!
993 2443 3037 2600 Ich weis dir komm ich niemals recht. –
996 2604 2833 2771 Wie noch die Frau ihr Haus verſah,
2095 2529 2655 2645 den Heerd
983 2775 2218 2918 Da hies ich Avaritia;
952 2914 2689 3092 Doch als in allerneuſten Jahren
979 3082 3000 3256 Das Weib nicht mehr gewohnt zu ſparen,
983 3249 2761 3413 Und, wie ein jeder böſer Zahler,
969 3399 2921 3570 Weit mehr Begierden hat als Thaler,
955 3570 3007 3720 Da bleibt dem Manne viel zu dulden
962 3720 3007 3894 Wo er nur hinſieht da ſind Schulden.
976 3891 2945 4051 Sie wendets, kann ſie was erſpulen,
962 4048 2652 4215 An ihren Leib an ihren Buhlen;
989 4218 2986 4403 Auch ſpeiſt ſie beſſer, trinkt nochmehr,
986 4382 2914 4560 Mit der Sponſirer leidigem Heer;
959 4539 2884 4730 Das ſteigert mir des Goldes Reitz
996 4703 2935 4915 Bin männlichen Geſchlechts, der Geitz!
3044 699 3208 863 32
