4096 6144
3085 689 3239 836 13
1198 904 3054 1181 Aſtrolog. / ſpricht, Mephiſtopheles bläſt ein :/
863 1146 2826 1372 Die Sonne ſelbſt ſie iſt ein lautres Gold,
887 1300 3078 1518 Merkur der Bote dient um Gunſt und Sold,
846 1505 2836 1720 Frau Venus hat’s euch allen angethan,
877 1669 3003 1894 So früh als ſpat blickt ſie euch lieblich an;
880 1850 2785 2061 Die keuſche Luna launet grillenhaft,
887 1996 3266 2242 Mars trifft er nicht ſo dräut euch ſeine Kraft.
884 2170 3092 2413 Und Jupiter bleibt doch der ſchönſte Schein,
880 2324 3109 2607 Saturn iſt groß, dem Auge fern und klein.
901 2542 2935 2781 Ihn als Metall verehren wir nicht ſehr
880 2727 3051 2973 An Werth gering, doch im Gewichte ſchwer.
880 2918 2850 3160 Ja! wenn zu Sol ſich Jupiter geſellt,
849 3089 3031 3355 Zum Silber Gold, dann iſt es heitre Welt,
843 3287 2867 3502 Das Uebrige iſt alles zu erlangen,
921 3457 3058 3689 Palläſte, Gärten, Brüſtlein, rothe Wangen,
860 3648 3010 3857 Das alles ſchafft der hochgelahrte Mann
877 3850 3092 4024 Der das vermag was unſer keiner kann.
1356 4029 1838 4177 Kaiſer.
896 4172 2544 4418 Ich höre doppelt was er ſpricht;
901 4365 2570 4567 Und dennoch überzeugts mich nicht.
1361 4580 2034 4727 Gemurmel.
1078 4744 2955 4928 Was ſoll uns das – Gedroſchner Spaß –
1075 4922 2792 5092 Calenderey – Chymiſterey –
1058 5055 3054 5256 Das hört ich oft – und falſch gehofft –
1102 5215 3037 5403 Und kom̄t er auch – ſo iſts ein Gauch –
