4096 6144
952 1058 2362 1225 Augenſtrahl iſt mir verliehen
947 1192 2641 1418 Wie dem Luchs auf höchſtem Baum,
955 1365 2556 1542 Doch nun mußt’ ich mich bemühen
1008 1505 2560 1735 Wie aus tiefem düſterm Traum.
967 1720 2580 1960 Wüßt’ ich irgend mich zu finden?
972 1894 2600 2140 Zinne? Thurm? geſchloßnes Thor?
979 2085 2594 2280 Nebel ſchwanken, Nebel ſchwinden
989 2235 2331 2426 Solche Göttin tritt hervor!
988 2462 2401 2708 Aug’ und Bruſt ihr zugewendet
972 2662 2310 2829 Sog ich an den milden Glanz,
983 2795 2379 2996 Dieſe Schönheit wie ſie blendet
969 2969 2177 3164 Blendete mich Armen ganz.
979 3170 2570 3386 Ich vergaß des Wächters Pflichten,
969 3362 2430 3539 Völlig das beſchworne Horn,
942 3502 2370 3671 Drohe nur mich zu vernichten,
989 3648 2385 3853 Schönheit bändigt allen Zorn.
1460 3863 1809 4051 Helena.
788 4008 2590 4208 Das Uebel das ich brachte darf ich nicht
819 4164 2843 4396 Beſtrafen. Wehe mir! Welch ſtreng Geſchick
832 4338 2781 4549 Verfolgt mich, überall der Männer Buſen
843 4495 2457 4747 So zu bethören, daß ſie weder ſich
