4096 6144
1140 894 3679 1119 Nun ſteigt es leicht und zaudernd hoch und höher auf,
1140 1085 3686 1314 Fügt ſich zuſam̄en. – Täuſcht mich ein entzückend Bild,
1157 1273 3607 1491 Als jugenderſtes, längſtentbehrtes höchſtes Gut?
1143 1430 3682 1645 Des tiefſten Herzens frühſte Schätze quollen auf,
1126 1604 3703 1785 Aurorens Liebe, leichten Schwung, bezeichnet’s mir,
1160 1751 3819 1972 Den ſchnellempfundnen, erſten, kaum verſtandnen Blick,
1150 1942 3379 2146 Der, feſtgehalten, überglänzte jeden Schatz.
1167 2092 3676 2314 Wie Seelenſchönheit ſteigert ſich die holde Form,
1150 2259 3775 2498 Löſt ſich nicht auf, erhebt ſich in den Aether hin,
1160 2433 3785 2672 Und zieht das Beſte meines Innern mit ſich fort.
1723 2645 3669 2904 Ein Sieben=Meilenſtiefel /: tappt auf :/
1815 2860 3297 3024 ein Anderer folgt alsbald.
1774 3031 3437 3256 Mephiſtopheles /: ſteigt ab :/
1686 3232 3631 3420 Die Stiefel ſchreiten eilig weiter.
2007 3467 2556 3652 Mephiſto.
1495 3635 3467 3833 Das heiß ich endlich vorgeſchritten!
1505 3788 3420 3966 Nun aber ſag, was fällt dir ein?
1495 3942 3491 4152 Steigſt ab in ſolcher Gräuel Mitten,
1495 4109 3447 4317 Im gräßlich gähnenden Geſtein?
1484 4264 3850 4485 Ich kenn es wohl, doch nicht an dieſer Stelle,
1443 4444 3947 4684 Denn eigentlich war das der Grund der Hölle.
1918 4645 2365 4877 Fauſt.
1495 4828 3763 5012 Es fehlt dir nie an närriſchen Legenden,
1477 4997 3819 5198 Fängſt wieder an dergleichen auszuſpenden.
