4096 6144
1713 689 3194 866 Und ſo bin ich gern gebunden,
1713 836 3174 1030 Blicke freundlich dieſem Ort;
1747 986 3334 1167 Ihr in dieſen freyen Stunden
1740 1129 3689 1341 Schwärmt nur immer fort und fort.
2078 1327 2652 1518 Lacheſis.
1747 1505 3252 1693 Mir, die ich allein verſtändig,
1740 1665 3218 1836 Blieb das Ordnen zugetheilt.
1744 1826 3252 1996 Meine Weife, ſtets lebendig
1768 1976 3177 2191 Hat noch nie ſich übereilt.
1727 2228 3430 2409 Fäden kommen, Fäden weifen,
1740 2389 3116 2566 Jeden lenk ich ſeine Bahn,
1730 2556 3396 2730 Keinen laß ich überſchweifen,
1730 2710 3293 2897 Füg er ſich im Kreis heran.
1713 2932 3324 3126 Könnt ich einmal mich vergeſſen
1747 3092 3577 3252 Wär es um die Welt mir bang;
1754 3239 3478 3426 Stunden zählen, Jahre meſſen
1771 3399 3696 3570 Und der Weber nimmt den Strang.
