4096 6144
969 512 1116 628 14
2013 655 2478 863 Mephiſto.
1617 860 3348 1054 Da ſtehen ſie umher und ſtaunen
1614 1034 3382 1228 Vertrauen nicht dem hohen Fund,
1607 1225 3324 1416 Der eine faſelt von Alraunen
1570 1389 3662 1624 Der andre von dem ſchwarzen Hund.
1573 1675 3488 1897 Was ſoll es daß der eine witzelt,
1662 1856 3368 2065 Ein andrer Zauberey verklagt,
1672 2013 3778 2222 Wenn ihm doch auch einmal die Sohle kitzelt
1658 2181 3642 2409 Wenn ihm der ſichre Schritt verſagt.
1628 2501 3396 2717 Ihr alle fühlt geheimes Wirken
1621 2686 3310 2877 Der ewig waltenden Natur,
1631 2863 3532 3048 Und aus den unterſten Bezirken
1631 3024 3553 3280 Schmiegt ſich herauf lebendge Spur.
1587 3365 3536 3584 Wem es in allen Gliedern zwackt,
1641 3556 3577 3741 Wemes unheimlich wird am Platz,
1645 3703 3679 3942 Nur gleich entſchloſſen grabt und hackt,
1624 3898 3792 4123 Da liegt der Spielmann, liegt der Schatz!
2201 4126 2831 4331 Gemurmel.
1652 4283 3628 4468 Mir liegts im Fuß wie Bleygewicht –
1658 4437 3713 4604 Mir kram̄pfts im Arme – das iſt Gicht –
1655 4584 3536 4744 Mir krabbelts an der großen Zeh’  –
1658 4734 3481 4908 Mir thut der ganze Rücken weh –
1665 4877 3379 5048 Nach ſolchen Zeichen wäre hier
1648 5021 3362 5198 Das allerreichſte Schatzrevier.
