4096 6144
2017 836 2406 1029 Fauſt.
1525 986 3437 1174 Verzeih, o Herr, das ſind die Spuren
1529 1146 3406 1324 Verſchollner geiſtiger Naturen,
1536 1280 3384 1474 Ein Widerſchein der Dioskuren,
1530 1423 3420 1607 Bey denen alle Schiffer ſchwuren,
1542 1587 3508 1788 Sie ſam̄eln hier die letzte Kraft.
2044 1754 2536 1945 Kaiſer.
1512 1887 3614 2068 Doch ſage wem ſind wir verpflichtet
1529 2034 3515 2201 Daß die Natur, auf uns gerichtet,
1549 2184 3399 2348 Das Seltenſte zuſammenrafft?
2116 2358 2600 2512 Mephiſt.
1566 2491 3652 2652 Wem als dem Meiſter, jenem hohen,
1536 2641 3573 2805 Der dein Geſchick im Buſen trägt?
1536 2798 3570 2959 Durch deiner Feinde ſtarkes drohen
1559 2928 3382 3109 Iſt er im Tiefſten aufgeregt.
1539 3092 3584 3259 Sein Dank will dich gerettet ſehen,
1556 3252 3624 3430 Und ſollt er ſelbſt daran vergehen.
2099 3409 2647 3624 Kaiſer.
1491 3601 3355 3778 Zufällig ritt ich dort vorbey,
1551 3732 3665 3962 Macht ihn vom grauſen Pfahle frey,
1551 3896 3665 4106 Nun ſolt ich, nach ſo manchen Jahren,
1542 4055 3672 4232 Die Wirkung ſolchen Thuns erfahren?
2136 4229 2556 4386 Fauſt.
1454 4331 3645 4505 Freyherzige Wohlthat wuchert reich;
1512 4474 3781 4638 Laß deinen Blick ſich aufwärts wenden!
1515 4631 3672 4792 Mich däucht Er will ein Zeichen ſenden,
1505 4768 3450 4952 Gieb acht, es deutet ſich ſogleich.
2112 4904 2597 5038 Kaiſer.
1566 5022 3599 5242 Ein Adler ſchwebt im Him̄elshohen,
1522 5198 3700 5379 Ein Greif ihm nach mit wildem drohen.
