4096 6144
1375 928 2136 1071 Knabe Lenker.
925 1095 2730 1280 Das läßt ſich hören! fahre fort,
962 1242 3085 1437 Erfinde dir des Räthſels heitres Wort.
1399 1443 1867 1645 Herold.
931 1594 3328 1822 Der Augen ſchwarzer Blitz, die Nacht der Locken
935 1768 2802 1986 Erheitert von juwelnem Band!
938 1962 2720 2126 Und welch ein zierliches Gewand
911 2092 3089 2286 Fließt dir von Schultern zu den Socken,
945 2259 2795 2447 Mit Purpurſaum und Glitzertand!
938 2406 2925 2587 Man könnte dich ein Mädchen ſchelten,
921 2553 3034 2737 Doch würdeſt du, zu Wohl und Weh
921 2727 2973 2921 Auch jetzo ſchon bey Mädchen gelten
935 2887 2505 3054 Sie lehrten dich das A. B. C.
1331 3082 2167 3225 Knabe Lenker.
986 3317 2904 3481 Und dieſer, der als Prachtgebilde
962 3471 3061 3652 Hier auf dem Wagenthrone prangt?
1450 3645 1887 3781 Herold.
972 3840 3031 4020 Er ſcheint ein König reich und Milde,
996 4031 3085 4201 Wohldem der ſeine Gunſt erlangt!
986 4184 3058 4372 Er hat nichts weiter zu erſtreben,
965 4358 2942 4573 Wo’s irgend fehlte ſpäht ſein Blick,
969 4539 2812 4696 Und ſeine reine Luſt zu geben
884 4689 2839 4894 Iſt größer als Beſitz und Glück.
1389 4850 1778 4986 Knabe.
942 5014 2850 5184 Hiebey darfſt du nicht ſtehen bleiben,
938 5164 2846 5372 Du mußt ihn recht genau beſchreiben.
3092 696 3266 836 30
