4096 6144
1184 771 2618 1003 Meph. /: in der Ebne :/
423 1006 3143 1184 Die nordiſchen Hexen wußt’ ich wohl zu meiſtern,
464 1181 3211 1361 Mir wirds nicht juſt mit dieſen fremden Geiſtern.
433 1324 3048 1508 Der Blocksberg bleibt ein gar bequem Local,
512 1525 2809 1696 Wo man auch ſey, man findet ſich zumal.
460 1628 2949 1863 Frau Ilſe wacht für uns auf ihrem Stein,
423 1826 3133 2037 Auf ſeiner Höh wird Heinrich munter ſeyn,
481 2007 3130 2191 Die Schnarcher ſchnauzen zwar das Elend an,
443 2174 3000 2348 Doch alles iſt für tauſend Jahr gethan.
515 2324 3211 2515 Wer weiß denn hier nur, wo er geht und ſteht,
491 2491 3061 2672 Ob unter ihm ſich nicht der Boden bläht? ..
512 2665 2935 2853 Ich wandle luſtig durch ein glattes Thal
505 2843 2908 3017 Und hinter mir erhebt ſich auf einmal
515 2996 3010 3194 Ein Berg, zwar kaum ein Berg zu nennen,
488 3188 3150 3379 Von meinen Sphinxen mich jedoch zu trennen
512 3365 3181 3570 Schon hoch genug – Hier zuckt noch manches Feuer
501 3529 3109 3700 Das Thal hinab, und flam̄t um’s Abenteuer...
501 3689 3157 3863 Noch tanzt und ſchwebt mir lockend, weichend vor,
525 3850 2990 4027 Spitzbübiſch gaukelnd, der galante Chor.
488 3993 3000 4198 Nur ſachte drauf! Allzu gewohnt an’s Naſchen,
529 4188 3013 4362 Wo es auch ſey man ſucht was zu erhaſchen.
1126 4321 3007 4515 Lamien /: Mephiſto nach ſich
2165 4433 2728 4633 ziehend :/
3044 610 3177 747 18
