4096 6144
2001 849 2529 1090 Kaiſer.
1324 1061 3665 1249 Auf das Com̄ando leiſt ich hier Verzicht.
1899 1208 3261 1387 /: zum Oberfeldherrn :/
1344 1348 3744 1566 In deinen Händen, Fürſt, ſey deine Pflicht.
2048 1525 2677 1735 Ober. Gen.
1426 1686 3621 1856 So trete denn der rechte Flügel an!
1378 1832 3679 2027 Des Feindes Linke, eben jetzt im Steigen,
1402 1981 3886 2216 Soll, eh ſie noch den letzten Schritt gethan,
1402 2167 3898 2365 Der Jugendkraft geprüfter Treue weichen.
2020 2324 2457 2532 Fauſt.
1450 2501 3717 2669 Erlaube denn daß dieſer muntre Held
1457 2672 3638 2836 Sich ungesäumt in deine Reihen ſtellt,
1457 2822 3624 2976 Sich deinen Reihen innigſt einverleibt,
1464 2976 3880 3167 Und, ſo geſellt, ſein kräftig Weſen treibt.
2242 3133 3824 3338 /: er deutet zur Rechten :/
1921 3321 3515 3488 Raufebold /: tritt vor :/
1409 3498 3901 3679 Wer das Geſicht mir zeigt der kehrts nicht ab
1392 3665 3788 3840 Als mit zerſchlagnen Unter„ und Oberbacken,
1406 3833 3956 4017 Wer mir den Rücken kehrt, gleich liegt ihm ſchlapp
1392 3986 3956 4191 Hals, Kopf und Schopf hinſchlotternd graß im Nacken.
1402 4174 3570 4338 Und ſchlagen deine Männer dann
1387 4316 3799 4500 Mit Schwerd und Kolben wie ich wüthe,
1397 4495 3799 4695 So ſtürzt der Feind, Mann über Mann,
1409 4672 3525 4850 Erſäuft im eigenen Geblüte. /: ab :/
2030 4802 2658 5000 Ober Feldh.
1399 4928 3590 5099 Der Phalanx unſrer Mitte folge sacht,
1402 5072 3812 5246 Dem Feind begegn’ er, klug mit aller Macht,
1396 5225 3785 5376 Ein wenig rechts, dort hat bereits, erbittert,
1402 5341 3863 5533 Der unſeren Streitkraft ihren Plan erſchüttert.
