4096 6144
1966 614 2350 824 Meph.
1600 795 3539 1003 Schade! So ein leuchtend Schätzchen,
1245 972 3764 1174 Im May getupft wie euere Pantherkätzchen.
1245 1140 3560 1341 Nehmt Froſchleich, Krötenzungen, kohobirt,
1245 1303 3549 1501 Im vollſten Mondlicht ſorglich diſtillirt;
1262 1477 3775 1645 Und, wenn er abnimmt, reinlich aufgeſtrichen,
1256 1638 3706 1850 Der Frühling kom̄t, die Tupfen ſind entwichen.
2001 1802 2498 1981 Braune.
1256 2024 3775 2215 Die Menge drängt heran euch zu umſchranzen.
1286 2187 3665 2358 Ich bitt’ um Mittel! Ein erfrorner Fuß
1280 2358 3768 2542 Verhindert mich am Wandeln wie am Tanzen
1269 2522 3645 2730 Selbſt ungeſchickt beweg ich mich zum Gruß.
2020 2713 2375 2870 Meph.
1276 2816 3621 3027 Erlaubet einen Tritt von meinem Fuß.
2013 3020 2519 3205 Braune.
1290 3184 3730 3392 Nun das geſchieht wohl unter Liebesleuten.
2020 3399 2423 3580 Meph.
2614 3450 3174 3584 Größres
1290 3532 3734 3700 Mein Fußtritt, Kind! hat vieles zu bedeuten.
1409 3655 3310 3771 Mein Fußtritt, Kind! hat vieles zu bedeuten.
1266 3700 3720 3880 Fuß heilet Fuß, ſo iſts mit allen Gliedern.
1280 3853 3761 4044 Heran! Gebt acht! Ihr ſollt es nicht erwiedern.
2065 3997 3280 4191 Braune. /: ſchreiend :/
1310 4160 3764 4375 Weh! Weh! das brennt! das war ein harter Tritt,
1300 4352 2389 4567 Wie Pferdehuf!
2061 4526 2549 4724 Mephiſt.
1286 4812 3758 4990 Du kannſt nunmehr den Tanz nach Luſt verüben,
2061 4666 3727 4840 Die Heilung nehmt ihr mit.
1297 4942 3655 5164 ben,Bey Tafel ſchwelgend füßle mit dem Lieben.
