4096 6144
904 942 2481 1071 im Sinne des Mittelalters,
1314 750 2112 931 Laboratorium
877 1095 2757 1259 weitläufige, unbehülfliche Apparate,
822 1239 2737 1430 zu phantaſtiſchen Zwecken.
1406 1464 2628 1652 Wagner. /: am Herde :/
703 1641 2577 1819 Die Glocke tönt, die fürchterliche,
706 1815 2809 1962 Durchſchauert die berußten Mauern.
713 1959 2631 2123 Nicht länger kann das Ungewiſſe
713 2112 2843 2280 Der ernſteſten Erwartung dauern.
727 2283 2641 2464 Schon hellen ſich die Finſterniſſe;
730 2440 2652 2611 Schon in der innerſten Phiole
768 2594 2665 2768 Erglüht es wie lebendige Kohle,
785 2751 2908 2918 Ja wie der herrlichſte Karfunkel,
774 2904 2870 3075 Verſtrahlend Blitze durch das Dunkel;
768 3046 2708 3246 Ein helles weißes Licht erſcheint!
774 3215 2867 3375 O daß ich’s diesmal nicht verliere! –
771 3368 2901 3549 Ach Gott! was raſſelt an der Thüre?
1566 3577 2914 3771 Mephiſt. /: eintretend :/
778 3754 2764 3932 Willkom̄en! es iſt gut gemeint.
785 4048 3075 4229 Willkom̄en! es iſt gut gemeint.
1576 3921 2734 4099 Wagner. /: ängſtlich :/
761 4355 3136 4536 Doch haltet Wort und Athem feſt im Munde,
1522 4212 1966 4386 /: Leiſe :/
793 4490 3205 4720 Ein herrlich Werk iſt gleich zu Stand gebracht.
1559 4662 2450 4860 Meph. /: leiſer :/
785 4826 2003 4993 Was giebt es denn?
1583 4956 2604 5164 Wagner /: leiſer :/
1873 5106 3266 5321 Es wird ein Menſch gemacht.
