4096 6144
955 723 1013 791 40
1515 1034 3604 1232 Gingſt etwa du, dem wunderbaren Heldenherrn
1525 1208 3669 1389 Mich anzukündigen, Wohlempfang bereitend mir,
1529 1385 3741 1566 So habe Dank und führe ſchnell mich ein zu ihm;
1525 1566 3826 1788 Beſchluß der Irrfahrt wünſch’ ich, Ruhe wünſch’ ich nur.
2170 1781 2484 1904 Chorf:
1542 1959 3696 2126 Vergebens blickſt du, Königin, allſeits um dich her;
1542 2106 3781 2286 Verſchwunden iſt das leidige Bild, verblieb vielleicht
1542 2235 3570 2454 Im Nebel dort, aus deſſen Buſen wir hieher,
1553 2402 3894 2631 Ich weiß nicht wie, gekommen, ſchnell und ſonder Schritt.
1549 2570 3775 2798 Vielleicht auch irrt ſie zweifelhaft im Labyrinth
1536 2747 3880 2932 Der wunderſam aus vielen eins‿gewordnen Burg,
1536 2894 3904 3133 Den Herrn erfragend fürſtlicher Hochbegrüßung halb.
1522 3072 3727 3276 Doch ſieh, dort oben regt in Menge ſich allbereits
1559 3242 3652 3433 In Gallerien, am Fenſter, in Portalen raſch
1566 3382 3706 3594 Sich hin und her bewegend viele Dienerſchaft;
1556 3556 3833 3768 Vornehm-willkom̄nen Gaſtempfang verkündet es.
