4096 6144
1437 1283 3771 1484 Geachtet ſeyn, die Sterblichen wir ertragen das.
1423 1440 3717 1658 Schon manchmal hob das das ſchwere Beil der
1402 1628 3696 1843 Zu des erdgebeugten Thieres Nacken weihend auf,
3048 1583 3529 1713 Opfernde
1389 1802 3761 1983 Und konnt’ es nicht vollbringen, denn ihn hinderte
1402 1935 3676 2170 Des nahen Feindes oder Gottes Zwiſchenkunft.
2017 2150 2355 2385 Chor.
1597 2370 3747 2621 Was geſchehen werde ſinnſt du nicht aus,
1590 2566 2867 2751 Königinſ ſchreite dahin
1648 2706 2409 2908 Guten Muths.
1645 2843 2894 3037 Gutes und Böſes kommt
1621 2993 3102 3191 Unerwartet dem Menſchen;
1621 3167 3358 3331 Auch verkündet glauben wir’s nicht.
1665 3334 3505 3498 Brannte doch Troja, ſahen wir doch
1638 3471 3404 3686 Tod vor Augen, ſchmählichen Tod;
1614 3659 2925 3805 Und ſind wir nicht hier
1634 3805 3290 3973 Dir geſellt, dienſtbar freudig,
1631 3969 3662 4130 Schauen des Himmels blendende Sonne
1631 4109 3003 4297 Und das ſchönſte der Erde
1621 4266 3310 4478 Huldvoll, dich, uns Glücklichen.
