4096 6144
3034 621 3205 771 25
651 802 3085 1000 Verſuch’s der Meißel doch euch zu erreichen,
689 976 3106 1184 Nicht Juno, Pallas, Venus und dergleichen.
1471 1163 1908 1382 Phork.
672 1307 3157 1525 Verſenkt in Einſamkeit und ſtillſte Nacht
672 1495 3075 1723 Hat unſer Drey noch nie daran gedacht!
1477 1693 1836 1877 Meph.
634 1751 3169 2017 Wie ſollt’ es auch? da ihr der Welt entrückt,
675 1952 3208 2157 Hier niemand ſeht und niemand euch erblickt.
672 2102 2914 2297 Da müßtet ihr an ſolchen Orten wohnen
699 2232 3256 2464 Wo Pracht und Kunſt auf gleichem Sitze thronen,
686 2406 2863 2621 Wo jeden Tag, behend, im Doppelſchritt,
689 2556 3181 2788 Ein Marmorblock als Held ins Leben tritt.
699 2795 1058 2949 Wo –
1536 2785 1817 3015 Phor.
788 2928 3198 3167 Schweige ſtill und gieb uns kein Gelüſten,!
672 3099 3242 3310 Was hülf’ es uns und wenn wir’s beſſer wüßten?
662 3269 3037 3474 In Nacht geboren, Nächtlichem verwandt,
669 3426 3099 3648 Beynah uns ſelbſt, ganz allen unbekannt.
1477 3648 1843 3826 Meph.
665 3775 3020 4003 In ſolchem Fall hat es nicht viel zu ſagen,
645 3949 3205 4143 Man kann ſich ſelbſt auch andern übertragen.
672 4123 3201 4348 Euch Dreyen g’nügt Ein Auge, g’nügt Ein Zahn,
631 4307 2986 4509 Da ging’ es wohl auch mythologisch an
645 4461 3249 4662 In zwey die Weſenheit der drey zu faſſen,
629 4602 3036 4823 Der dritten Bildniß mir zu überlaſſen,
614 4766 1715 5022 Auf kurze Zeit.
1402 4915 1745 5125 Eine.
1413 5051 3061 5222 Wie dünkt’s euch ging’ es an?
1361 5191 2020 5331 Die Andern.
696 5242 2993 5471 Verſuchen wir’s! – doch ohne Aug’ und Zahn.
