4096 6144
1464 638 3655 870 Pater profundus. /: Tiefe Region :/
989 849 3273 1020 Wie Felſenabgrund, mir zu Füßen,
965 1006 3676 1174 Auf tiefem Abgrund laſtend ruft,
938 1146 3676 1331 Wie tauſend Bäche, ſtrahlend fließen
936 1274 3742 1500 Zum grauſen Sturz des Schaums der Flut,
890 1438 3747 1633 Wie ſtarck, mit eignem kraftigen Triebe,
918 1573 3280 1761 Der Stamm ſich in die Lüfte trägt
911 1733 3051 1914 So iſt es die allmächtige Liebe
907 1894 2911 2034 Die alles bildet, alles hegt.
1054 2061 3269 2208 Iſt alles um mich her ein Brauſen
901 2150 3242 2355 Als wogte Wald und Felſengrund
911 2283 3297 2481 Und doch ſtürzt, liebevoll ein Sauſen,
890 2433 3328 2628 Die Waſſerfälle ſich zum Schlund;
897 2577 3358 2775 Berufen gleich das Thal zu wäßern;
897 2703 3372 2880 Der Blitz der flammend niederſchlug
901 2810 3077 3051 Die Atmosphäre zu verbeſſern,
901 2923 3491 3189 Die Dunſt und Gift und Dunſt im Buſen trug;
907 3116 3044 3310 Sind Liebesboten, ſie verkünden
928 3266 3358 3461 Was ewig ſchaffend uns umwallt,
928 3409 3399 3580 Mein Innres mög es auch entzünden
942 3539 3256 3744 Wo ſich der Geiſt, verworren kalt,
947 3676 3507 3880 Verquält in ſtumpfer Sinne Schrancken
959 3822 3201 3986 Scharf angeſchloßnem Kettenſchmerz.
959 3935 3375 4143 O Gott! beſchwichtige die Gedanken,
959 4089 3112 4293 Erleuchte mein bedürftig Herz
