4096 6144
1600 959 2413 1129 Helena und Fauſt
1375 1194 2723 1368 Der Freude folgt ſogleich
1430 1361 2280 1491 Grimmige Pein.
1747 1484 3293 1696 /: Euphorions Stimme aus der Tiefe :/
1416 1648 2751 1815 Laß mich im düſtern Reich
1409 1809 2532 1952 Mutter mich nicht allein!
1720 1894 2222 2058 /: Pauſe :/
1843 1945 2913 2165 Chor /: Trauergeſang :/
1392 2143 3044 2307 Nicht allein! – wo du auch weileſt,
1389 2266 3007 2447 Denn wir glauben dich zu kennen,
1423 2423 2928 2549 Ach! wenn du dem Tag enteileſt
1426 2532 3123 2710 Wird kein Herz von dir ſich trennen.
1433 2658 3024 2819 Wüßten wir doch kaum zu klagen,
1437 2812 2853 2955 Neidend ſingen wir dein Loos:
1283 2928 2904 3089 dir Hielt in klar und trüben Tagen
1419 3072 2969 3256 Lied und Muth ihn ſchön und groß.
2034 3194 2297 3310 war
1443 3416 2734 3584 Ach! zum Erdenglück geboren,
1443 3577 2727 3727 Hoher Ahnen, großer Kraft,
1433 3713 2874 3863 Leider! früh dir ſelbſt verloren,
1447 3833 2676 3983 Jugendblüthe weggerafft.
1440 3973 2577 4126 Und du rannteſt unauſha
1447 4089 2901 4263 Scharfer Blick, die Welt zu ſchauen,
1440 4225 2723 4382 Mitſinn jedem Herzensdrang,
1447 4362 2867 4515 Liebesglut der beſten Frauen,
1440 4478 2761 4655 Und ſein eingenſtereigenſter Geſang.
