4096 6144
1464 740 2355 938 Helena und Fauſt
1211 925 2536 1099 Der Freude folgt ſogleich
1259 1085 2198 1256 Grimmige Pein.
1693 1208 2966 1399 Euphorions Stimme aus
2205 1341 2768 1477 der Tiefe :/
1283 1464 2672 1641 Laß mich im düſtern Reich,
1293 1624 2624 1795 Mutter, mich nicht allein.
1792 1768 2652 1962 Helena zu Fauſt.
771 1955 3085 2136 Zerriſſen iſt’s des Lebens wie der Liebe Band,
798 2119 3222 2293 Betraurend beide, ſag ich ſchmerzlich Lebewohl!
819 2269 3249 2413 Und werfe mich noch einmal in die Arme dir.
798 2389 3259 2583 Perſephoneia nimm den Knaben auf und mich.
1464 2577 3433 2737 /: Sie umarmt Fauſt, das Körperliche
1536 2730 3413 2901 verſchwindet, Kleid und Schleyer blei„
1559 2887 2897 3044 ben ihm in den Armen :/
1710 3036 2928 3271 Phorkyas. /: zu Fauſt :/
819 3256 3061 3447 Halte feſt was dir von allem übrig blieb.
812 3406 3191 3594 Das Kleid laß es nicht los. Da zupfen ſchon
812 3577 2973 3727 Dämonen an den Zipfeln, möchten gern
834 3712 3046 3906 Zur Unterwelt es reißen. Halte feſt.
822 3877 3304 4037 Die Göttinn iſt’s nicht mehr die du verlorſt,
873 4024 3048 4188 Doch göttlich iſt’s. Bediene dich der hohen
870 4174 3095 4348 Unſchätzbaren Gunſt und hebe dich empor,
877 4317 3072 4488 Es trägt dich über alles Gemeine raſch
849 4454 3051 4608 Am Aether hin, ſo lange du dauern kannſt.
901 4584 3324 4730 Wir ſehn uns wieder, weit gar weit von hier.
1484 4730 3457 4908 /: Helenens Gewande löſen sich in Wolken
1580 4860 3447 5061 auf, umgeben Fauſt, heben ihn in die
1604 5027 3351 5218 Höhe und ziehen mit ihm vorüber :/
