4096 6144
1495 754 2010 931 Phorkyas.
634 935 3133 1119 Wie lange Zeit die Mädchen ſchlafen weis ich nicht,
648 1092 3191 1262 Ob ſie ſich träumen ließen was ich hell und klar
662 1249 3191 1433 Vor Augen ſah, iſt ebenſalls mir unbekannt.
662 1437 3375 1607 Drum weck ich ſie. Erſtaunen ſoll das junge Volk;
675 1607 3386 1774 Ihr Bärtigen auch, die ihr da drunten ſitzend harrt
682 1774 3181 1955 Glaubhafter Wunder Löſung endlich anzuſchaun.
706 1959 3358 2143 Hervor! Hervor! Und ſchüttelt eure Locken raſch.
675 2126 3358 2341 Schlaf aus den Augen! Blinzt nicht ſo! und hört mich an.
1587 2362 1914 2560 Chor.
1143 2566 2751 2730 Rede nur nur erzähl’, erzähle
1075 2720 2775 2891 Was ſich wunderlichs begeben,
1160 2894 2901 3051 Hören möchten wir am liebſten
1160 3051 3041 3249 Was wir gar nicht glauben können,
1167 3222 2689 3396 Denn wir haben Langeweile
1174 3403 2399 3584 Dieſe Felſen anzuſehn.
1530 3553 1945 3778 Phork.
1133 3754 2778 3942 Kaum die Augen ausgerieben
1153 3952 2785 4119 Kinder Langeweilt ihr ſchon!
1163 4130 2874 4311 So vernehmt: in dieſen Hölen
1167 4307 2877 4478 Dieſen Grotten, dieſen Lauben
1157 4488 3167 4659 Schutz und Schirmung war verliehen,
1184 4648 2795 4812 Wie idylliſchem Liebespaare,
1198 4795 3089 4980 Unſerm Herrn und unſrer Frau.
