4096 6144
1634 669 2539 870 Ein vierter Theil.
945 880 3611 1051 Wallt ihr andern wo’s beliebet, wir umzingeln,
2136 1078 3116 1204 wir umrauſchen
962 1204 3577 1392 Den durchaus bepflanzten Hügel, wo am Stab die
2150 1399 2877 1549 Rebe grünt;
976 1529 3638 1720 Dort zu aller Tage Stunden läßt die Leidenſchaft
2119 1679 2853 1829 des Winzers
969 1832 3614 2020 Uns des liebevollſten Fleißes zweifelhaft Ge„
2099 2017 2802 2174 lingen ſehn.
1010 2174 3635 2362 Bald mit Hacke bald mit Spaten, bald mit Häufeln,
2082 2341 3065 2505 Schneiden, Binden,
1020 2467 3628 2682 Betet er zu allen Göttern, förderſamſt zum
2116 2655 2812 2822 Sonnengott.
1037 2812 3614 3013 Bachus kümmert ſich, der Weichling, wenig um
2129 2993 3321 3126 den treuen Diener,
1006 3119 3584 3310 Ruht in Lauben, lehnt in Höhlen, faſelnd mit
2129 3290 3188 3474 dem jüngſten Faun.
1030 3450 3607 3669 Was zu ſeiner Träumereyen halbem Rauſch
2157 3652 3191 3799 er je bedürfte,
1034 3795 3618 3979 Immer bleibt es ihm in Schläuchen, ihm in Krügen
2129 3938 2973 4130 und Gefäßen,
1017 4109 3587 4293 Rechts und links der kühlen Grüfte, ewige
2129 4280 3351 4450 Zeiten aufbewahrt.
1034 4420 3577 4597 Haben aber alle Götter, hat nun Helios
2194 4597 2877 4724 vor allen,
993 4669 3645 4915 Lüftend, feuchtend, wärmend, gluthend Beeren=
2145 4853 3476 5094 Füllhorn aufgehäuft,
