4096 6144
1570 781 3317 959 /: Helenens Gewandte löſen ſich in
1665 914 3467 1075 Wolken auf, umgeben Fauſt, heben ihn
1682 1058 3539 1235 in die Höhe und ziehen mit ihm vorüber)
1868 1228 3384 1469 Phorkyas. Mantel und Lyra
1604 1440 3505 1617 /: nimmt Euphorions Kleider von der
2365 1530 2560 1658 tritt
1645 1583 3512 1764 Erde, hebt ſie, ins Proſcenium tretend,
1095 1704 3015 1935 hebt die Exuvien in die Höhe und ſpricht :/
1129 1945 2911 2129 Verſuch ich nun Poeten einzuweihen,
1140 2085 3119 2252 Zu ſtiften Gild – und Handwercksneid;
1218 2196 1484 2339 Denn
1160 2235 3246 2413 Und kann ich die Talente nicht verleihen
1163 2385 3041 2594 Verborg ich wenigſtens das Kleid.
1771 2577 3485 2785 /: ſie ſetzt ſich im Proſcenium an
1829 2751 2962 2914 eine Säule nieder :/
1839 2894 2560 3112 Chorführerin.
972 3136 3362 3324 Nun eilig Mädchen! Sind wir doch den Zauber los,
925 3304 3464 3491 Der alt Theſſaliſchen Vettel wüſten Geiſteszwang;
989 3491 3426 3655 So des Geklimpers vielverworrner Töne Rauſch,
979 3662 3471 3816 Das Ohr verwirrend, ſchlim̄er noch den in̄ern Sinn.
993 3816 3211 4017 Hinab zum Hades! Eilte doch die Königin,
976 3983 3508 4188 Mit ernſtem Gang hinunter. Ihrer Sohle ſey
948 4174 3471 4375 Unmittelbar getreuer Mägde Schritt gefügt.
989 4362 3508 4573 Wir finden ſie am Throne der Unerforſchlichen.
