4096 6144
907 969 3078 1133 Meine Mutter wollt mich kaum entfernen,
907 1146 3177 1348 Mögte gern was rechts hier auſſen lernen.
1843 1286 2174 1484 Meph:
925 1426 2484 1662 Da ſeyd ihr eben recht am Ort.
1870 1576 2290 1761 Student
907 1716 2703 1935 Aufrichtig! Mögt ſchon wieder fort!
911 1890 2560 2092 Sieht all ſo trocken ringsum aus
921 2037 2778 2259 Als ſäs Heishunger in iedem Haus.
1880 2208 2198 2396 Meph:
925 2355 2822 2556 Bitt euch! daran euch nicht weiter kehrt,
914 2505 2693 2710 Hier alles ſich vom Studenten nährt.
907 2648 2737 2829 Doch erſt, wo werdet ihr logiren?
911 2795 2146 3024 Das iſt ein Hauptſtück!
1904 2935 2341 3106 Student
897 3109 1921 3310 Wolltet mich führen
918 3263 2771 3440 Bin warrlich ganz ein irres Lamm.
904 3396 2730 3621 Mögt gern das gute ſo allzuſamm,
901 3566 2973 3737 Mögt gern das böſe mir all vom Leib,
894 3689 2727 3891 Und Freyheit, auch wohl Zeitvertreib,
901 3840 2556 4034 Mögt auch dabei ſtudiren tief,
897 3976 2853 4201 Daſſ mirs über Kopf und Ohren lief!
901 4143 2515 4348 O Herr helft daſſ meiner Seel
894 4297 2600 4556 Am guten Weſen nimmer fehl.
