4096 6144
853 945 3007 1126 Mein Freund die Zeiten der Vergangenheit,
853 1116 2737 1286 Sind uns ein Buch mit ſieben Siegeln.
846 1245 2590 1457 Was ihr den Geiſt der Zeiten heiſſt
856 1413 3061 1604 Das iſt im Grund der Herren eigner Geiſt,
870 1559 2631 1754 In dem die Zeiten ſich beſpiegeln.
849 1723 2665 1918 Da iſts denn warrlich offt ein Jam̄er
860 1848 3092 2068 Man läufft euch bey dem erſten Blick davon.
856 2013 3017 2215 Ein Kehrichtfaſſ und eine Rumpelkammer,
846 2146 3013 2351 Und höchſtens eine Haupt und Staats aktion.
856 2310 2996 2525 Mit trefflichen pragmatiſchen Maximen,
849 2432 3020 2688 Wie ſie den Puppen wohl im Munde ziemen.
1897 2614 2420 2836 Wagner.
860 2771 3167 2966 Allein die Welt! des Menſchen Herz und Geiſt!
866 2925 3000 3102 Mögt ieglicher doch was davon erkennen.
1979 3048 2334 3259 Fauſt.
863 3218 2471 3409 Ja was man ſo erkennen heiſſt.
839 3353 3389 3584 Wer darf das Kind beym rechten Nahmen nennen?
860 3505 2669 3696 Die wenigen die was davon erkannt
860 3665 3044 3853 Die Thörig gnug ihr volles Herz nicht wahrten.
866 3809 3082 4034 Den Pöbel ihr Gefühl ihr Schauen offenbaarten
849 3976 3061 4157 Hat man von ie gekreuzigt und verbran̄t.
860 4116 3075 4334 Ich bitt euch Freund es iſt tief in der Nacht
846 4273 2737 4495 Wir müßen diesmal unterbrechen.
