4096 6144
3328 709 3652 911 540.
832 873 3341 1085 /: ſie eröffnet den Schrein ihre Sachen einzuräumen, und
884 1013 2177 1211 erblickt das Schmuckkäſtgen :/
593 1194 2611 1372 Wie kommt das ſchöne Käſtgen hier herein?
593 1314 2420 1529 Ich ſchloß doch ganz gewiß den Schrein.
593 1450 2416 1658 Was Guckguck mag dadrinne ſeyn?
604 1556 2508 1807 Vielleicht brachts iemand als ein Pfand
604 1730 2269 1911 Und meine Mutter lieh darauf?
597 1870 2440 2092 Da hängt ein Schlüſſelgen am Band
610 2000 2218 2249 Ich denke wohl ich mach es auf!
597 2136 2447 2382 Was iſt das? Gott im Himmel ſchau
600 2286 2583 2529 So was hab ich mein Tage nicht geſehn!
607 2413 2669 2672 Ein Schmuck! drinn könnt eine Edelfrau
604 2583 2297 2819 Am höchſten Feyertag nicht gehn.
607 2737 2348 2938 Wie ſollte mir die Kette ſtehn?
600 2874 2474 3085 Wem mag die Herrlichkeit gehören?
781 2983 3375 3269 /: ſie putzt ſich damit auf und tritt vor den Spiegel :/
607 3188 2788 3409 Wenn nur die Ohrring meine wären!
604 3292 2631 3548 Man ſieht doch gleich ganz anders drein.
599 3425 2549 3701 Was hilft euch Schönheit, iunges Blut
610 3601 2198 3833 Das iſt wohl alles ſchön und gut,
600 3754 2286 3979 Allein man läßt auch alles ſeyn.
614 3886 2304 4152 Man lobt euch halb mit Erbarmen.
607 4068 1450 4246 Nach Golde drängt
607 4201 1382 4379 Am Golde hängt
610 4317 1996 4543 Doch alles! Ach wir Armen!
