4096 6144
788 887 1583 1102 Er iſt auch durch.
2027 996 2440 1157 Gretgen
1611 1105 2488 1300 Das iſt nicht ſchön.
2054 1280 2447 1437 Liesgen
761 1375 2324 1549 Kriegt ſie ihn ſolls ihr übel gehn.
771 1518 2304 1689 Das Kränzel reiſſen die Buben ihr
781 1641 3147 1836 Und Hexel ſtreuen wir vor die Thür! / ab :/
1955 1826 3147 2030 Gretgen heime gehend :/
768 1952 2512 2153 Wie konnt ich ſonſt ſo tapfer ſchmälen
761 2095 2611 2304 Wen thät ein armes Mägdlein fehlen
764 2218 2310 2416 Wie konnt ich über andrer Sünden
768 2331 2546 2553 Nicht Worte gnung der Zunge finden.
774 2484 3153 2717 Wie ſchien mirs ſchwartz und ſchwärzts noch gar.
764 2648 3082 2833 Mirs nimmer doch nit ſchwarz gnug war.
774 2788 2546 2952 Und ſeegnet mich und that ſo gros
778 2894 2645 3089 Und bin nun ſelbſt der Sünde blos
778 3034 2488 3235 Doch – alles was mich dazu trieb
771 3164 2771 3372 Gott! war ſo gut! ach war ſo lieb!
1938 3345 2474 3590 Zwinger
1170 3539 3730 3737 In der Mauerhöle ein Andachts Bild der Mater dolorosa,
1744 3693 2867 3840 Blumenkrüge davor.
1082 3932 3734 4133 Gretgen gebeugt ſchwenckt die Krüge im nächſten Brunn,
1116 4072 3580 4266 füllt ſie mit friſchen Blumen die ſie mitbrachte.
774 4270 1266 4406 Ach neige
778 4369 1699 4526 Du ſchmerzenreiche
778 4495 2351 4710 Dein Antliz ab zu meiner Noth
