4096 6144
2013 942 2344 1146 Meph:
894 1054 2993 1259 Allein, weis Gott ſie war mehr ſchuld als ich.
2010 1215 2413 1348 Marthe
890 1303 3242 1508 Das lügt er! Was am Rand des Todts zu lügen
2078 1443 2396 1638 Meph:
897 1501 2669 1740 Er fabelte gewiſſ in lezten Zügen.
884 1672 2754 1877 Wenn ich nur halb ein Kenner bin.
918 1805 3584 2034 Ich hatte, ſprach er, nicht zum Zeitvertreib zu gaffen,
901 1925 3430 2174 Erſt Kinder, und dann Brodt für ſie zu ſchaffen,
890 2088 2624 2286 Und Brod im aller weitſten Sinn.
884 2225 3314 2450 Ich kon̄te nicht einmal mein Theil in Frieden eſſen.
2061 2385 2501 2519 Marthe
904 2529 3256 2710 Hat er ſo aller Treu, ſo aller Lieb vergeſſen.
877 2655 2532 2894 Der Plakerey bey Tag und Nacht.
2150 2810 2457 2984 Meph
887 2932 3130 3126 Nicht doch er hat recht herzlich dran gedacht.
884 3092 3529 3239 Er ſprach, als ich nun weg von Malda ging,
870 3198 3389 3399 Da, betet ich für Frau und Kinder brünſtig.
870 3358 3310 3529 Uns war denn auch der Himmel günſtig
873 3488 3546 3672 Daſſ unſer Schiff ein Türkiſch Fahrzeuch fing,
873 3655 3529 3812 Das einen Schatz des groſen Sultans führte.
873 3799 2945 3973 Da ward der Tapferkeit ihr Lohn,
873 3956 3471 4140 Und ich empfing dann auch wie ſichs gebührte
880 4082 3089 4246 Mein wohlgemeſſen Theil davon.
2030 4205 2546 4392 Marthe
877 4365 3795 4570 Ey wie? Ey wo? hat er’s vielleicht vergraben?
2082 4498 2556 4666 Mephiſt:
880 4580 3536 4761 Wer weis, wo nun es die vier Winde haben.
