4096 6144
3167 805 3491 983 550.
1488 887 2577 1071 Margr: färt fort :/
433 1047 2245 1242 Liebt mich – Nicht – Liebt mich – Nicht –
826 1194 3324 1382 /: das lezte Blat ausrupfend mit holder Freude :/
436 1303 1184 1495 Er liebt mich!
1549 1399 1860 1583 Fauſt
453 1546 2798 1733 Ja mein Kind! Laſſ dieſes Blumenwort
440 1689 2682 1880 Dir Götter Auspruch ſeyn: Er liebt dich!
436 1809 2624 2027 Verſtehſt du, was das heist: Er liebt dich!
969 1959 2590 2181 /: er faſſt ihr beyde Hände :/
1501 2160 1949 2321 Margr:
426 2211 1348 2426 Mich überläufts!
1594 2293 1925 2488 Fauſt
426 2457 2242 2669 O ſchaudre nicht! Laſſ dieſen Blick
409 2604 2266 2802 Laſſ dieſen HändedrukHände druk dir ſagen
413 2754 1757 2969 Was unausſprechlich iſt.
419 2870 2720 3072 Sich hinzugeben ganz und eine Wonne
447 3007 2300 3242 Zu fühlen die ewig ſeyn muſſ!
426 3143 2990 3416 Ewig! – Ihr Ende würde Verzweiflung ſeyn.
416 3310 2129 3536 Nein kein Ende! Kein Ende!
1426 3471 3471 3676 Margr: drückt ihm die Hände. macht ſich
1778 3614 3508 3788 los und läufft weg. Er ſteht einen
1768 3737 3560 3966 Augenblick in Gedanken, dan̄ folgt er ihr.
1437 3863 1914 4078 Marthe.
426 4027 1491 4266 Die Nacht bricht an.
1512 4130 1928 4352 Meph:
1406 4273 2949 4444 Ja und wir wollen fort.
1512 4410 1908 4556 Marthe
426 4526 2276 4799 Ich bät euch länger hier zu bleiben
