4096 6144
826 983 2836 1160 Die ſollten ihm ſchon was vermünzen
808 1095 3425 1346 Am Ende kriegt’ er eine Comiſſion. /: ab :/
1942 1348 2413 1495 Abend.
1375 1460 3143 1648 Ein kleines reinliches Zimmer
1945 1611 3870 1836 Margrethe ihre Zöpfe flechtend und aufbindend
812 1792 3024 1976 Ich gäb was drum wenn ich nur wüſſt
822 1925 2751 2119 Wer heut der Herr geweſen iſt.
832 2075 2542 2276 Er ſah gewiſſ recht wacker aus
815 2222 2495 2409 Und iſt aus einem edlen Haus
822 2344 2901 2549 Das konnt ich ihn an der Stirne leſen.
829 2488 3662 2710 Er wär auch ſonſt nicht ſo keck geweſen. /: ab :/
1884 2665 2635 2918 Meph:, Fauſt.
2068 2894 2464 3034 Meph:
836 3010 2696 3184 Herein, ganz leiſe nur herein.
2034 3160 3720 3413 Fauſt nach einigem Stillſchweigen.
832 3321 2334 3546 Ich bitte dich laſſ mich allein.
2092 3461 3218 3679 Meph: herum ſpürend :/
829 3628 2362 3822 Nicht iedes Madgen hällt ſo rein.
2524 3619 2867 3819 /: ab :/
2007 3792 3181 4037 Fauſt rings auf ſchauend.
808 3979 2423 4160 Willkommen ſüſſer Dämmerſchein
819 4113 2379 4331 Der du dies Heiligthum durchwebſt
826 4263 2809 4491 Ergreif mein Herz du ſüſe Liebespein
819 4406 3157 4604 Die du vom Tau der Hoffnung ſchmachtend lebeſt.
815 4560 2734 4765 Wie athmet rings Gefühl der Stille,
