4096 6144
3280 716 3590 921 539.
587 1068 1638 1283 Ich weis nicht ſoll ich?
1549 928 1843 1112 Fauſt
1576 1184 1867 1419 Meph:
1761 1276 2474 1491 Fragt ihr viel!
552 1397 2375 1648 Meynt ihr vielleicht den Schaz zu wahren
563 1583 1993 1761 Dann rath ich eurer Lüſternheit
566 1713 1798 1901 Die liebe ſchöne Tages Zeit
559 1843 2348 2020 Und mir die weitre Müh zu ſpaaren.
583 1949 2280 2157 Ich hoff nicht daß ihr geizig ſeyd.
600 2082 2501 2310 Ich kraz den Kopf reib an den Händen.
645 2181 3676 2462 /: er ſtellt das Käſtgen in Schrein und drückt das Schloß wieder zu :/
563 2372 1730 2566 Nur fort geſchwind –
573 2461 2157 2682 Um euch das ſüſſe iunge Kind
559 2583 2566 2826 Nach eurem Herzens Will zu wenden.
563 2775 1508 2973 Und ihr ſeht drein
563 2908 2126 3112 Als ſolltet ihr in Hörſaal ’nein.
566 3003 2836 3249 Als ſtünden grau leibhafftig da vor euch da
570 3188 1853 3409 Phiſick und Metaphiſika.
556 3345 1256 3553 Nur fort –
1860 3317 2368 3519 /: ab :/
1520 3502 2933 3773 Margarethe mit einer Lampe
587 3706 2222 3976 Es iſt ſo ſchwül und dumpfig hie
1034 3799 2606 4101 /: ſie macht das Fenſter auf :/
566 3979 2734 4215 Und macht doch eben ſo warm nicht draus
609 4116 2447 4352 Es wird mir ſo! Ich weis nicht wie.
587 4249 2433 4478 Ich wollt die Mutter käm nach Haus,
556 4348 2631 4614 Mir läufft ein Schauer am ganzen Leib
580 4509 2450 4765 Bin doch ein törig furchtſam Weib.
