4096 6144
1341 873 2812 1068 Und durften ſie nicht knicken,
1351 1027 2583 1204 Und weg ſie jagen nicht
1348 1140 2624 1338 Wir knicken und erſticken
1358 1273 2792 1512 Doch gleich wenn einer ſticht.
1989 1457 2976 1658 Chorus, iauchzend :/
1341 1594 2600 1805 Wir kniken und erſticken
1361 1757 2805 1979 Doch gleich wenn einer ſticht.
2007 1972 2986 2157 Alle durch einander.
805 2153 3877 2365 Bravo! Bravo! Schön und trefflich! Noch eins! Noch ein paar Auch
798 2321 1877 2481 Noch ein paar Lieder.
2201 2368 2573 2573 Fauſt.
795 2553 3846 2751 Meine Herren! Der Wein geht an! Geht an wie in Leipzig die
781 2706 3853 2887 Weine alle angehn müſſen. Doch dünckt mich ihr würdet erlauben
802 2843 3164 3061 daß man euch aus einem andern Faſſe zapfte.
2160 3007 2566 3167 Siebel
795 3160 3857 3372 Habt ihr einen eignen Keller? Handelt ihr mit Weinen? Seid ihr
791 3328 2962 3525 vielleicht von denen Schelmen aus ’m Reich? –
2136 3481 2488 3635 Alten.
773 3558 3870 3865 Wart ein biſſgen /: erſteht auf :/ Ich hab ſo eine Probe, ob ich
785 3764 3867 3979 weiter trinken darf. /: Er macht die Augen zu und ſteht eine Weile
785 3949 2990 4154 Nun! nun! das Köpfgen ſchwanckt ſchon!
2150 4072 2491 4266 Siebel
778 4183 3870 4449 Pah! eine Flaſche! Ich wills vor Gott verantworten und vor deiner
768 4362 2007 4623 Frauen. Euren Wein!
