4096 6144
785 1010 2771 1177 Es war nach meines Vaters Todt gebohren,
764 1150 2269 1314 Die Mutter gaben wir verlohren
757 1293 2232 1433 So elend wie ſie damals lag
757 1416 3126 1607 Und ſie erholte ſich ſehr langſam nach und nach.
757 1553 2645 1706 Da kon̄te ſie nun nicht dran denken
764 1699 2618 1867 Das arme Würmgen ſelbſt zu tränken
761 1846 2341 2003 Und ſo erzog ichs ganz allein
754 1976 3174 2143 Mit Waſſer und mit Milch, und ſo wards mein
754 2133 2764 2280 Auf meinem Arm, in meinem Schoos
754 2252 2512 2467 Wars freundlich zappelich und gros.
1928 2368 2256 2560 Fauſt.
768 2522 3061 2734 Du haſt gewiſſ das reinſte Glück empfunden!
1996 2679 2372 2826 Margr:
764 2805 3010 3003 Doch auch gewiſſ gar manche ſchweere Stunden.
757 2973 2590 3150 Des Kleinen Wiege ſtund zu Nacht,
757 3106 2870 3276 An meinem Bett es durfte kaum ſich regen
764 3242 1594 3403 War ich erwacht.
757 3372 3099 3532 Bald muſt ich’s tränken bald es zu mir legen,
750 3485 3420 3659 Bald wenns nicht ſchweigen wollt vom Bett aufſtehn
757 3631 3368 3795 Und tänzelnd in der Kam̄er auf und nieder gehn.
754 3761 3297 3959 Und früh am Tag ſchon an den Waſchtrog ſtehn,
757 3901 3382 4096 Dann auf dem Markt und an dem Heerde ſorgen,
750 4041 2778 4222 Und immer ſo fort heut und morgen.
750 4177 2986 4355 Da gehts mein Herr nicht immer mutig zu,
761 4297 2914 4532 Doch ſchmeckt dafür das Eſſen und die Ruh.
2962 4345 3819 4546 /: gehn vorüber :/
1860 4488 2314 4625 Marthe
761 4618 3345 4870 Sagt grad mein Herr, habt ihr noch nichts gefunden,
