4096 6144
1986 972 2488 1116 Margrethe.
897 1075 2730 1228 Ich mögte drum mein tag nicht lieben
880 1194 2809 1368 Würd mich Verluſt zu todt betrüben
2003 1334 2324 1508 Meph:
894 1426 3075 1645 Freud muſſ Leid, Leid muſſ Freude haben.
2007 1559 2372 1754 Marthe
907 1689 2775 1904 Erzählt mir ſeines Lebens Schluſſ.
2037 1822 2420 2051 Meph:
894 1962 2508 2170 Er liegt in Padua begraben
894 2112 2208 2314 Beym heiligen Antonius
890 2249 2512 2443 An einer wohl geweihten Stäte
897 2385 2604 2600 Zum ewig kühlen Ruhe bette.
2119 2505 2508 2652 Marthe
885 2631 3153 2882 Habt ihr ſonſt nichts an mich zu bringen?
2157 2809 2471 2959 Meph:
904 2935 2573 3106 Ja eine Bitte gros und ſchweer:
880 3048 3778 3242 Laſſ ſie doch ia für ihn drey hundert Meſſen ſingen!
897 3194 3191 3368 Im übrigen ſind meine Taſchen leer.
2102 3321 2498 3491 Marthe
897 3464 3232 3631 Was? nicht ein Schauſtück? kein Geſchmeid?
880 3573 3814 3788 Was ieder Handwerckspurſch im Grund des Sekels ſpaart
914 3717 2556 3894 Zum Angedenken aufbewahrt
884 3860 2901 4034 Und lieber hungert lieber bettelt!
2112 3976 2474 4174 Meph:
884 4119 2751 4314 Madam, es thut mir herzlich leid
880 4229 3829 4444 Allein er hat ſein Geld wahrhafftig nicht verzettelt.
884 4365 2949 4570 Und er bereute ſeine Fehler ſehr,
884 4509 3597 4761 Ach und bejammerte ſein Unglück noch vielmehr.
