4096 6144
3348 730 3614 918 541.
628 969 2061 1150 Daß dabey nit viel Seegen war.
610 1105 2222 1259 Mein Kind rief ſie ungerechtes Gut
621 1215 2396 1399 Befängt die Seel, zehrt auf das Blut.
600 1361 2112 1515 Wollens der Mutter Gottes weihen
607 1508 2529 1689 Wird uns mit Himmels Mann’ erfreun.
600 1634 2208 1832 Margretlein zog ein ſchiefes Maul,
610 1771 2327 1979 Iſt halt dacht ſie ein geſchenkter Gaul
597 1918 2065 2116 Und warrlich gottlos iſt nicht der
607 2071 2126 2245 Der ihn ſo fein gebracht hier her.
604 2191 2426 2368 Die Mutter lies einen Pfaffen kommen;
600 2341 2447 2549 Der hatte kaum den Spas vernommen,
600 2478 2293 2665 Lies ſich den Anblick wohl behagen,
610 2611 2297 2860 Er ſprach: ach kriſtlich ſo geſinnt!
614 2795 1983 2973 Wer überwindet der gewint.
617 2925 2307 3119 Die Kirche hat einen guten Magen.
610 3034 2112 3266 Hatt ganze Länder aufgefreſſen
614 3164 2222 3403 Und doch noch nie ſich übergeſſen.
614 3307 2430 3539 Die Kirch allein meine Lieben Frauen
621 3467 2187 3676 Kann ungerechtes Gut verdauen.
1597 3590 1969 3754 Fauſt.
607 3744 2331 3966 Das iſt ein allgemeiner Brauch
621 3891 2358 4116 Ein Jud und König kann es auch.
1679 4048 2013 4194 Meph:
617 4130 2525 4382 Strich drauf ein Spange Kett und Ring
607 4328 2157 4509 Als wärens eben Pfifferling
614 4433 2286 4689 Dankt nicht wniger und nicht mehr
