4096 6144
904 935 2884 1133 Als geht zu Frau Sprizbierlein morgen
914 1082 2392 1249 Weis Studioſos zu verſorgen.
904 1232 2662 1409 Hats Haus von oben bis unten voll,
897 1382 2621 1556 Und verſteht weidlich was ſie ſoll.
911 1532 2860 1730 Zwar Noes Arche war ſaubrer gefacht,
894 1675 2447 1884 Doch iſts einmal ſo hergebracht.
921 1860 2819 2071 Ihr zahlt was andre vor euch zahlten
897 2017 2816 2235 Die ihren Nahm aufs — Haus mahlten.
1914 2157 2338 2338 Student.
894 2327 2856 2536 Wird mir faſt ſo eng um’s Herz herum
894 2491 2266 2710 Als zu Haus im Colegium.
2037 2621 2351 2816 Meph:
890 2778 2399 2955 Euer Logie wär nun beſtellt.
884 2918 2727 3116 Nun euren Tiſch für leidlich Geld!
2034 3068 2467 3256 Student.
870 3249 2522 3440 Mich dünkt das gäb ſich alle nach,
866 3413 3034 3648 Wer erſt von Geiſts Erweitrung ſprach!
2061 3601 2392 3799 Meph:
863 3723 2894 3911 Mein Schatz! das wird euch wohl verziehn,
880 3874 2781 4037 Kennt nicht den Geiſt der Akademien.
873 4007 2969 4205 Der Mutter Tiſch wirdmüßt ihr vergeſſen,
870 4184 2966 4365 Klar Waſſer geſchiedne Butter freſſen.
884 4331 2618 4546 Statt Hopfen Keim und iung Gemüs,
877 4471 2952 4710 Genieſſen mit Dank Brenneſſeln ſüs,
