4096 6144
768 976 2389 1122 Und hier mit heilig reinem Weben
774 1092 2283 1276 Entwürckte ſich das Götterbild.
843 1225 2652 1419 Und du! Was hat dich hergeführt?
764 1378 2515 1566 Wie innig fühl ich mich gerührt!
764 1525 3297 1686 Was willſt du hie? Was wird das Herz dir ſchweer?
761 1641 3020 1856 Armſeelger Fauſt ich kenne dich nicht mehr.
819 1819 2785 1979 Umgiebt mich hier ein Zauberdufft?
764 1952 2672 2123 Mich drangs ſo grade zu genieſſen.
768 2065 3112 2256 Und fühle mich in Liebestraum zerflieſſen!
768 2201 3252 2406 Sind wir ein Spiel von iedem Druk der Lufft.
863 2365 2699 2553 Und träte ſie den Augenblick herein
764 2491 3000 2676 Wie würdeſt du für deinen Frevel büſſen
771 2635 2433 2829 Der groſe Hans, ach wie ſo klein
771 2798 2703 3024 Läg weggeſchmolzen ihr zu Füſſen.
1909 2959 2268 3133 Meph:
788 3092 2969 3300 Geſchwind ich ſeh ſie dortunten kommen.
1942 3229 2266 3430 Fauſt
791 3382 2955 3594 Komm komm ich kehre nimmermehr!
1972 3522 2283 3669 Meph:
802 3621 2730 3833 Hier iſt ein Käſtgen leidlich ſchweer
803 3768 2754 3968 Ich habs wo anderswo genommen.
791 3945 3027 4078 Stellts hier nur immer in den Schrein,
803 4039 3015 4249 Ich ſchwör euch ihr vergehn die Sinnen.
824 4183 2657 4428 Ich ſag euch es ſind Sachen drein
788 4365 2710 4532 Um eine Fürſtin zu gewinnen.
795 4491 3170 4713 Zwar Kind iſt Kind und Spiel iſt Spiel.
