4096 6144
768 979 3812 1163 Auf oder ihr ſeyd verlohren, meine Pferde ſchaudern, der Morge
1877 849 2641 1047 Meph: erſcheint.
778 1116 1570 1293 dämmert auf.
2017 1232 2402 1361 Marg:
747 1382 3850 1566 Der! der! Laſſ ihn ſchick ihn fort! der will mich! Nein! Nein!
747 1542 3758 1720 Gericht Gottes komm über mich, dein bin ich! rette mich!
744 1706 3836 1880 Nimmer nimmermehr! Auf ewig lebe wohl. Leb wohl
754 1850 1276 2034 Heinrich.
2041 1955 3259 2170 Fauſt. ſie umfaſſend.
723 2129 1785 2348 Ich laſſe dich nicht!
2095 2194 2560 2443 Margr:
744 2443 3816 2638 Ihr heiligen Engel bewahret meine Seele – mir grauts
744 2590 1877 2819 vor dir Heinrich.
727 2836 3829 3068 Sie iſt gerichtet! /: erverſchwindet mit Fauſt, die Thüre
2085 2734 2440 2880 Meph:
733 3013 2839 3222 raſſelt zu man hört verhallend :/
730 3191 1979 3471 Heinrich! Heinrich!
