4096 6144
1945 928 2290 1184 Fauſt.
795 1102 2996 1307 Wenn ihrs nicht fühlt ihr werdets nicht erjagen.
808 1249 2583 1426 Wenns euch nicht aus der Seele dringt
795 1382 2198 1573 Und mit urkräftigen Behagen
802 1532 2269 1733 Die Herzen aller Hörer zwingt.
814 1658 2631 1884 Sizzt ihr einweil und leimt zuſammen,
802 1826 2590 2007 Braut ein Ragout von andrer Schmaus,
795 1993 2529 2164 Und blast die kümmerlichen Flammen
802 2133 2290 2324 Aus eurem Aſchenhäufgen aus
798 2273 2549 2454 Bewundrung von Kindern und Affen
798 2420 2727 2638 Wenn euch darnach der Gaumen ſteht!
802 2600 2969 2826 Doch werdet ihr nie Herz zu Herzen ſchaffen,
791 2761 2744 2983 Wenn es euch nicht von Herzen geht.
1918 2949 2396 3092 Wagner.
791 3085 2768 3328 Allein der Vortrag nüzt dem Redner viel.
2020 3252 2293 3440 Fauſt.
802 3403 2867 3614 Was Vortrag! der iſt gut im Puppenſpiel
791 3560 2768 3741 Mein Herr Magiſter hab er Krafft!
798 3696 2286 3901 Sey er kein Schellenlauter Thor!
795 3833 2676 4034 Und Freundſchafft, Liebe, Brüderſchafft,
795 3979 2464 4174 Trägt die ſich nicht von ſelber vor.
795 4126 2802 4355 Und wenns euch Ernſt iſt was zu ſagen
791 4297 2362 4512 Iſts nöthig Worten nachzujagen.
778 4440 2710 4659 Und all die Reden die ſo blinkend ſind
