4096 6144
785 873 3788 1075 Dein Kind! Heinrich! – Groſer Gott im Himmel ſoll das kein
774 1034 3812 1235 Traum ſeyn! Deine Hand Heinrich! – Sie iſt feucht – Wiſche
771 1167 3819 1392 ſie ab ich bitte dich! Es iſt Blut dran – Stecke den Degen ein!
764 1351 2010 1529 Mein Kopf iſt verrückt.
2095 1416 2474 1614 Fauſt.
778 1587 1778 1812 Du bringſt mich um.
2088 1723 2532 1890 Margr:
757 1870 3802 2065 Nein du ſollſt überbleiben, überbleiben von allen. Wer ſorgte
764 2034 3809 2208 für die Gräber! So in eine Reihe ich bitte dich, neben die Mutter
740 2177 3826 2368 den Bruder da! Mich dahin und mein Kleines an die rechte Bruſt.
742 2314 3143 2534 Gieb mir die Hand drauf du biſt mein Heinrich.
2058 2488 3386 2699 Fauſt /: will ſie weg ziehen :/
740 2624 3584 2914 Fühlſt du mich! Hörſt du mich! komm ich bins ich befreye dich.
2054 2829 2491 3044 Margr:
744 2914 1341 3109 Da hinaus.
2075 3041 2440 3249 Fauſt
733 3181 1228 3413 Freyheit!
2071 3276 2481 3474 Margr:
744 3430 3826 3624 Da hinaus! Nicht um die Welt. Iſt das Grab draus, komm! Lauert
737 3607 3812 3775 der Todt! komm. Von hier in’s ewige Ruhe Bett weiter nicht einen
733 3754 3222 3942 Schritt. Ach Heinrich könnt ich mit dir in alle Welt.
2088 3884 2423 4078 Fauſt.
723 4010 2351 4225 Der Kerker iſt offen ſäume nicht.
2092 4194 2515 4331 Margr:
720 4297 2949 4505 Sie lauren auf mich an der Straſe am Wald.
2048 4485 2392 4666 Fauſt.
720 4563 1672 4771 Hinaus! Hinaus!
