4096 6144
2010 969 2409 1160 Marthe
843 1109 2925 1293 Und ihr mein Herr, ihr reist ſo immer fort?
2034 1249 2447 1402 Meph:
836 1368 3048 1563 Ach daß Gewerb und Pflicht uns dazu treiben!
846 1532 3225 1655 Mit wie viel Schmerz verläſſt man manchen Ort,
824 1623 2938 1843 Und darf doch nun einmal nicht bleiben.
2054 1785 2488 1935 Marthe
860 1858 2406 2088 In raſchen Jahren gehts wohl an
849 2007 3292 2211 So rum und um frey durch die Welt zu ſtreifen.
849 2167 2423 2341 Doch kommt die böſe Zeit heran,
846 2304 3457 2495 Und ſich als Hageſtolz allein zum Grab zu ſchleifen,
834 2406 2339 2631 Das hat noch keinen wohlgethan.
2095 2560 2382 2761 Meph:
846 2699 2611 2887 Mit Grauſen ſeh ich das von weiten.
2092 2846 2464 3010 Marthe
856 2983 3836 3188 Drum werther Herr berathet euch in Zeiten. /: gehn vorüber :/
2112 3143 2515 3290 Margr:
856 3246 2546 3440 Ja aus den Augen aus dem Sinn
846 3386 2501 3573 Die Höflichkeit iſt euch geläufig.
843 3532 2655 3706 Allein ihr habt der Freunde häufig,
839 3665 2505 3863 Und weit verſtändger als ich bin.
2092 3778 2447 3973 Fauſt.
846 3921 3112 4106 O Beſte! Glaube daſſ was man verſtändig nennt,
846 4058 3031 4290 Mehr Kurzſinn, Eigenſinn und Eitelkeit iſt.
2065 4208 2488 4355 Margr:
3000 4275 3420 4449 Wie?
2065 4413 2443 4587 Fauſt
846 4485 2880 4724 Ach daſſ die Einfalt daſſ die Unſchuld nie
846 4659 2976 4874 Sich ſelbſt und ihren heilgen Werth erkennt!
