4096 6144
3297 778 3590 969 524.
1471 1003 1908 1174 Wagner.
532 1129 2491 1307 Ich hätte gern bis morgen früh gewacht,
501 1233 3394 1489 Um ſo gelehrt mit euch mich zu beſprechen. /: ab :/
1508 1402 1856 1641 Fauſt:
518 1600 3188 1822 Wie nur dem Kopf nicht alle Hoffnung ſchwindet,
522 1778 2734 1962 Der immer fort an ſchaalen Zeuge klebt,
518 1918 2583 2143 Mit gierger Hand nach Schätzen gräbt,
512 2099 2891 2310 Und froh iſt wenn er Regenwürmer findet.
1163 2443 3037 2720 Mephiſtopheles im Schlafrock eine groſe
1167 2614 2290 2822 Per̄ücke auf. Student.
1495 2764 1949 2976 Student.
542 2973 1897 3164 Ich bin alhier erſt kurze Zeit,
498 3140 1962 3290 Und komme voll Ergebenheit
505 3266 2597 3495 Einen Mann zu ſprechen und zu kennen
505 3430 2368 3621 Den alle wir mit Ehrfurcht nennen.
1495 3597 2215 3809 Mephiſtopheles
522 3727 2160 3938 Eure Höflichkeit erfreut mich ſehr,
498 3915 2372 4058 Ihr ſeht einen Mann wie andre mehr.
494 4017 2259 4212 Habt ihr euch hier ſchon umgethan.
1501 4147 1925 4317 Student
477 4293 2218 4505 Ich bitt euch nehmt euch meiner an.
498 4423 2075 4642 Ich komm mit allem gutem Muth,
494 4573 2235 4788 Ein leidlich Geld und friſchem Blut.
