4096 6144
3211 737 3560 921 520.
453 1061 2228 1252 „Die Geiſter Welt iſt nicht verſchloſſen
460 1215 2177 1402 „Dein Sinn iſt zu, dein Herz iſt todt
450 1348 1993 1546 „Auf bade Schüler unverdroſſen
453 1518 2177 1720 „Die irrdſche Bruſt im Morgenroth.„
986 1710 2187 1921 /: er beſchaut das Zeichen :/
453 1877 1962 2078 Wie alles ſich zum Ganzen webt
460 2024 2317 2187 Eins in dem andern würkt und lebt
453 2153 2669 2341 Wie Himmels kräffte auf und nieder ſteigen
450 2297 2344 2484 Und ſich die goldnen Eimer reichen!
440 2457 2024 2652 Mit Seegenduftenden Schwingen
443 2594 2300 2798 Vom Himmel durch die Erde dringen
440 2757 2239 2990 Harmoniſch all das all durchklingen.
477 2959 2597 3167 Welch Schauſpiel! aber ach ein Schauſpiel nur
424 3097 2186 3292 Wo faſſ ich dich unendliche Natur!
440 3276 2467 3457 Euch Brüſte wo! Ihr Quellen alles Lebens
423 3433 2245 3607 An denen Himmel und Erde hängt
433 3566 2157 3751 Dahin die welke Bruſt ſich drängt.
440 3723 2969 3945 Ihr quellt, ihr tränkt, und ſchmacht ich ſo vergebens!
873 3952 3072 4160 /: er ſchlägt unwillig das Buch um und erblickt das
938 4113 2218 4317 Zeichen des Erdgeiſtes :/
433 4270 2539 4457 Wie anders würckt dies Zeichen auf mich ein!
423 4399 2044 4590 Du Geiſt der Erde biſt mir näher
404 4551 634 4802 Schon
2186 4454 3353 4771 fühl ich meine Kräffte höher
