4096 6144
812 1013 2495 1177 Schon glüh ich wie vom neuen Wein
812 1150 2863 1341 Ich fühle Muth mich in die Welt zu wagen
798 1290 2938 1484 All Erden weh und all ihr Glück zu tragen
805 1440 2648 1600 Mit Stürmen mich herum zu ſchlagen
812 1583 3164 1798 Und in des Schiffbruchs Knirſchen nicht zu zagen.
822 1727 1911 1911 Es wölckt ſich über mir
815 1880 2256 2051 Der Mond verbirgt ſein Licht!
819 2013 1812 2205 Die Lampe ſchwindet!
808 2150 2484 2372 Es dampft! Es zucken rothe Stralen
798 2324 2269 2508 Mir um das Haupt. Es weht
808 2454 2290 2665 Ein Schauer vom Gewölb herab
805 2604 1686 2775 Und faßt mich an.
812 2734 2283 2976 Ich fühls du ſchwebſt um mich
812 2901 1628 3112 Erflehter Geiſt!
822 3061 1450 3280 Enthülle dich.
808 3235 2696 3433 Ha! wie’s in meinem Herzen reiſſt!
808 3386 1850 3597 Zu neuen Gefühlen
805 3549 2273 3696 All meine Sinne ſich erwühlen
815 3682 2887 3867 In fühle ganz mein Herz Dir hingegeben!
802 3819 3235 3993 Du muſſt! Du muſſt! Und koſtet es mein Leben.
1225 3990 3631 4194 /: er faſſt das Buch und ſpricht das Zeichen des Geiſtes
1256 4171 3587 4365 geheimnisvoll aus. Es zuckt eine röthliche Flamme,
1262 4293 3590 4549 der Geiſt erſcheint in der Flamme, in wiederlicher
1276 4457 1713 4730 Geſtallt :/
