4096 6144
2010 969 2321 1140 Meph:
849 1071 2437 1269 Bedenkt was gehn und ſtehen mag
839 1239 2744 1402 Gebt mir zum wenigſt vierzen Tag
839 1361 2519 1566 Nur die Gelegenheit zu ſpüren.
1972 1542 2283 1693 Fauſt
849 1641 2304 1809 Hätt ich nur ſieben Tage Ruh
839 1761 2583 1955 Braucht keinen Teufel nicht dazu
843 1935 2628 2136 So ein Geſchöpfgen zu verführen.
2024 2102 2344 2314 Meph:
839 2211 2662 2416 Ihr ſprecht ſchon faſt wie ein Franzos.
836 2358 2785 2563 Drum bitt ich laſſts euch nicht verdrieſſen
832 2505 2508 2699 Was hilft ſo grade zu genieſſen.
832 2662 2314 2843 Die Freud iſt lange nicht ſo gros
822 2792 2372 3003 Als wen̄ ihr erſt herauf herum
832 2962 2215 3126 Durch allerley Brimborium
826 3068 2570 3328 Das Püppgen geknät und zugericht
822 3249 2522 3508 Wies lehret manche welſch Geſchicht.
1983 3485 2215 3614 Fauſt
826 3556 2051 3775 Hab Apetit auch ohne das.
2044 3665 2317 3819 Meph:
819 3792 2382 4037 Jetzt ohne Schimpf und ohne Spas
822 3949 2508 4181 Ich ſag euch mit dem ſchönen Kind
832 4113 2631 4314 Geht einvor allmalein vor allmal nicht geſchwind
815 4246 2969 4444 Mit Sturm iſt da nichts einzunehmen
808 4396 3010 4608 Wir müſſen uns zur Liſt bequemen.
