4096 6144
3218 812 3505 972 529.
1518 1010 1798 1194 Meph:
535 1109 2106 1283 Was ich vermag, ſoll gern geſchen
1529 1256 1925 1460 Student.
539 1443 2082 1617 Ich kann ohnmöglich wieder gehn,
542 1576 2781 1781 Ich muß euch noch mein Stammbuch überreichen,
529 1713 2402 1918 Gönn eure Gunſt mir dieſes Zeichen.
1546 1843 1863 2013 Meph:
529 1993 2273 2208 Sehr wohl. /: er ſchreibt und giebts :/
1607 2150 2402 2362 Student /: liest :/
542 2317 2665 2491 Eritis ſicut Deus ſcientis bonum et malum.
977 2437 3025 2662 /: machts ehrbietig zu und empfielt ſich :/
1628 2606 1971 2877 Meph:
529 2775 3345 2986 Folg nur dem alten Spruch von meiner Muhme der Schlange,
512 2921 3205 3143 Dir wird gewiſſ einmal bey deiner Gottähnlichkeit bange.
1416 3160 2307 3396 Auerbachs Keller
1583 3338 2187 3498 in Leipzig.
1006 3532 2321 3764 Zeche luſtiger Geſellen
1669 3679 2044 3901 Froſch
525 3901 2300 4078 Will keiner ſauffen keiner lachen!
525 4058 2416 4218 Ich will euch lehren Geſichter machen!
552 4191 2290 4348 Ihr ſeyd ia heut wie naſſes Stroh
542 4307 2355 4485 Und brennt ſonſt immer lichterloh.
1570 4454 1996 4604 Brander
529 4543 2723 4799 Das liegt an dir, du bringſt ia nichts herbey,
