4096 6144
3314 720 3614 918 531.
1672 914 1931 1051 Alle
573 926 1269 1208 Groſen Dank!
1669 1092 1972 1221 Siebel
580 1191 1785 1399 Wer iſt der Storcher da!
1672 1310 2054 1488 Brander.
566 1426 3679 1658 Still! das iſt was vornehmes inkognito, ſie haben ſo was unzufrie=
566 1566 1628 1778 dnes böſes im Geſicht.
1761 1655 2048 1815 Siebel
566 1805 2406 1976 Pah! Commödianten wenns hoch kommt.
1754 1938 2447 2126 Meph: /: leiſe :/
576 2068 3703 2266 Teufel vermuthen die Kerls nie ſo nah er ihnen im̄er iſt.
1771 2211 2119 2413 Froſch.
570 2348 3706 2525 Ich will ’en die Würme ſchon aus der Naſe ziehn, wo ſie herkommen!
588 2462 3589 2698 – Iſt der Weeg von Rippach herüber ſo ſchlimm, daſſ ihr ſo tief
576 2611 2249 2781 in die Nacht habt reiſen müſſen.
1802 2723 2119 2944 Fauſt.
563 2826 1827 3072 Wir kommen den Weeg nit
1720 2897 2048 3189 Froſch.
570 3048 3587 3310 Ich meinte etwa ihr hättet bey den berühmten Hans drüben
546 3235 1621 3447 zu Mittag geſpeißt
1771 3304 2181 3488 Fauſt.
563 3461 1467 3662 Ich kenn ihn nicht.
1745 3445 2841 3763 /: die andern lachen :/
1756 3681 2104 3880 Frosch.
563 3833 3392 4041 O er iſt von altem Geſchlecht. Hat eine weitläufige Familie.
1774 4014 2068 4201 Meph:
580 4072 2402 4300 Ihr ſeyd wohl ſeiner Vettern einer.
1771 4222 3222 4457 Brander /: leiſe zu Froſch :/
563 4403 2539 4614 Stecks ein! der verſteht den Rummel.
