4096 6144
3256 788 3549 938 521.
460 1122 1208 1310 Wer ruft mir!
1498 1017 1826 1191 Geiſt.
1477 1218 2256 1409 Fauſt, abwendend
1276 1358 2201 1600 Schröckliches Geſicht!
1491 1573 1727 1744 Geiſt
467 1689 1955 1890 Du haſt mich mächtig angezogen
464 1839 2106 2044 An meiner Sphäre lang geſogen,
467 1989 1078 2129 Und nun —
1505 2054 1832 2266 Fauſt
1293 2225 2491 2457 Weh ich ertrag dich nicht.
1515 2443 1792 2628 Geiſt
467 2542 2119 2778 Du flehſt erathmend mich zu ſchauen
471 2744 2798 2928 Meine Stimme zu hören mein Antliz zu ſehn,
467 2887 2348 3061 Mich neigt dein mächtig Seelen Flehn.
471 3024 2368 3232 Da bin ich! Welch erbärmlich Grauen
481 3167 3007 3382 Faſſt Uebermenſchen dich! Wo iſt der Seele Ruf?
467 3310 2819 3522 Wo iſt die Bruſt die eine Welt in ſich erſchuf,
471 3467 2918 3669 Und trug, und heegte, und mit Freude Beben
474 3621 2727 3880 Erſchwoll ſich uns den Geiſtern gleich zu heben
474 3768 2795 4034 Wo biſt du Fauſt des Stimme mir erklang?
488 3938 2628 4160 Der ſich an mich mit allen Kräfften drang?
481 4075 2624 4324 Du! der, den kaum mein Hauch umwittert
484 4276 2051 4519 In allen Lebenstiefen zittert,
491 4403 2693 4700 Ein furchtſam weggekrümmter Wurm.
