4096 6144
3150 805 3467 1010 549.
433 928 2713 1160 Hat ſich das Herz nicht irgendwo gebunden?
1515 1085 1827 1285 Meph:
413 1204 2474 1375 Das Sprüchwort ſagt ein eigner Hērd
426 1320 2846 1525 Ein braves Weib ſind Gold und Perlen werth.
1505 1450 1877 1590 Marthe
430 1576 2757 1754 Ich meyne: ob ihr niemals Luſt bekommen.
1566 1696 1856 1894 Meph:
402 1802 3126 2013 Man hat mich überall recht höflich aufgenommen.
1590 1962 1993 2099 Marthe
419 2092 3106 2273 Ich wollte ſagen: ward’s nie Ernſt in eurem Herzen?
1624 2245 1931 2392 Meph:
409 2338 3259 2583 Mit Frauens ſoll man ſich nie unterſtehn zu ſcherzen.
1621 2512 2027 2717 Marthe
413 2652 1720 2877 Ach ihr verſteht mich nicht.
1628 2768 1976 2908 Meph:
1611 2880 3054 3072 Das thut mir herzlich leid,
409 3017 3464 3293 Doch ich verſteh – daſſ ihr ſehr gütig ſeyd. /: gehn vorüber :/
1634 3242 2044 3461 Fauſt.
419 3413 2549 3614 Du kannteſt mich o kleiner Engel wieder
395 3573 2454 3785 Gleich als ich in den Garten kam?
1648 3730 2106 3887 Margr:
389 3833 2737 4044 Saht ihr es nicht, ich ſchlug die Augen nieder.
1662 3969 1959 4150 Fauſt.
382 4085 2686 4314 Und du verzeihſt die Freyheit die ich nahm?
378 4253 2290 4495 Was ſich die Frechheit unterfangen
389 4437 2655 4679 Als du lezt aus dem Dom gegangen?
