4096 6144
3307 727 3611 911 534.
1662 873 1993 1054 Fauſt
525 996 1082 1177 Gehn wir!
1706 1095 2013 1338 Meph:
532 1211 1392 1416 Noch ein Moment.
1737 1385 2331 1566 Alle ſingen.
1044 1559 2481 1727 Uns iſt gar kannibaliſch wohl
1047 1693 2488 1863 Als wie fünfhundert Säuen!
634 1839 3638 2044 /: Sie trinken wiederholt, Siebel läſſt den Pfropf fallen, es fliest
662 1989 3734 2184 auf die Steine und wird zur Flamme die an Siebeln hinauf lodert :/
1774 2140 2146 2293 Siebel.
552 2205 1481 2423 Hölle und Teufel!
1774 2385 2348 2542 Brander
532 2525 1600 2706 Zauberey! Zauberey!
1788 2631 2153 2798 Fauſt
539 2768 1484 2966 Sagt ichs euch nicht.
1419 2775 3611 3000 /: er verſtopft die Oeffnung und ſpricht einge Worte,
1460 2942 2488 3150 die Flamme flieht :/
1744 3085 2088 3242 Siebel.
552 3181 3703 3433 Herr und Satan! – Meynt er, er dürft in ehrliche Geſellſchaft ſich
552 3365 2792 3563 machen und ſein Hölliſches Hokuspokus treiben.
1720 3519 2184 3706 Fauſt
542 3676 1529 3874 Stille Maſtſchwein!
1774 3792 2205 3990 Siebel.
532 3925 3706 4150 Mir Schwein! Du Beſenſtiel! Brüder! Schlagt ihn zuſammen!
535 4075 3720 4307 Stost ihn nieder! /: ſie ziehn die Meſſer :/ Ein Zauberer iſt Vogel=
542 4253 2532 4495 frey! Nach den Reichsgeſetzen Vogelfrey.
706 4437 3665 4669 /: Sie wollen über Fauſt her, er winckt, ſie ſtehen in frohem
