4096 6144
1078 1000 3310 1208 Erſtaunen auf einmal und ſehn einander an :/
2037 1150 2321 1303 Siebel
856 1259 2078 1464 Was ſeh ich! Weinberge!
2075 1358 2464 1529 Brander
863 1498 2239 1710 Trauben um dieſe Jahrs zeit.
2123 1638 2484 1785 Alten
856 1754 1935 1955 Wie reif! Wie ſchön!
2099 1853 2443 2088 Froſch
855 1955 3880 2247 Halt das iſt die ſchönſte! /: ſie greifen zu, kriegen einander bey den
2112 2194 3642 2365 Naſen, und heben die Meſſer :/
2048 2338 2355 2484 Fauſt.
873 2416 2942 2621 Halt! – Geht und ſchlaft euren Rauſch aus!
1245 2573 3870 2785 /: Fauſt und Meph: ab. Es gehen ihnen die Augen auf;
1378 2734 3263 2911 ſie fahren mit Geſchrey aus einader :/
2133 2867 2539 3031 Siebel
860 3003 3853 3177 Meine Naſe! War das deine Naſe? Waren das die Trauben?
853 3147 1409 3314 Wo iſt er?
2187 3177 2563 3372 Brander
856 3304 2433 3515 Fort! Es war der Teufel ſelbſt.
2222 3444 2532 3642 Froſch
866 3556 3304 3819 Ich hab ihn auf einen Faſſe hinaus reiten ſehn
2228 3771 2590 3928 Alten
880 3867 3853 4078 Haſt du! Da iſt gewiß auf den Marckt nit ſicher – Wie kommen
860 4055 1682 4273 wir nach Hauſe.
2211 4068 2631 4321 Brander
860 4270 1761 4509 Siebel geh zu erſt!
2245 4427 2611 4601 Siebel
863 4543 1587 4744 Kein Narr!
