4096 6144
3239 798 3549 986 527.
573 1058 2082 1259 Die Fäden ungeſehen flieſſen.
573 1225 2665 1477 Ein Schlag tauſend Verbindungen ſchlägt.
556 1375 1894 1645 Der Philoſoph der tritt herein
563 1566 2413 1798 Und beweist euch es müßt ſo ſeyn.
559 1733 2218 1976 Das erſt wär ſo, das zweyte ſo
559 1925 2341 2143 Und drum das dritt und virte ſo.
556 2099 2682 2314 Und wenn das erſt und zweyt nicht wär
559 2263 2542 2474 Das dritt und viert wär nim̄ermehr.
559 2443 2464 2662 Das preiſen die Schüler aller Orten
556 2624 2290 2812 Sind aber keine Weber worden.
535 2781 3031 3007 Wer will was lebigs erkennen und beſchreiben,
549 2949 2672 3181 Muß erſt den Geiſt herauſer treiben,
552 3130 2519 3355 Dann hat er die Theil in ſeiner Hand,
563 3297 2433 3546 Fehlt leider nur das geiſtlich Band.
552 3485 2816 3679 Encheiresin naturae nennts die Chimie!
546 3635 2942 3891 Bohrt ſich ſelbſt einen Eſel und weis nicht wie.
1597 3805 2048 3997 Student
532 3962 2447 4205 Kann euch nicht eben recht verſtehen.
1600 4191 1949 4416 Meph:
525 4334 2426 4584 Das wird nächſtens ſchon beſſer gehen.
525 4536 2164 4778 Wenn ihr lernt alles reduziren,
