4096 6144
3208 737 3553 969 536.
1628 904 1979 1102 Meph:
484 1010 1092 1201 Nun welche?
1682 1085 2007 1327 Fauſt.
494 1280 1495 1512 Sie ging iuſt vorbey.
1713 1413 1996 1611 Meph:
501 1525 2232 1740 Da die! Sie kam von ihren Pfaffen
494 1703 2085 1873 Der ſprach ſie aller Sünden frey.
501 1829 2266 2058 Ich ſchlich mich hart am Stul herbey.
491 1972 2054 2184 Es iſt ein gar unſchuldig Ding
491 2129 2314 2317 Das eben für nichts zur Beichte ging.
488 2283 2126 2484 Ueber die hab ich keine Gewalt.
1785 2389 2146 2618 Fauſt.
484 2580 1911 2802 Iſt über vierzehn Jahr doch alt.
1798 2727 2099 2969 Meph:
491 2877 2109 3044 Sprichſt ey wie der Hans Lüderlich
488 3000 2409 3194 Der begehrt iede liebe Blume für ſich
465 3133 2135 3333 Und dünkelt ihm es wär kein Ehr
471 3307 2324 3495 Und Gunſt die nicht zu pflücken wär.
474 3440 2065 3662 Geht aber doch nicht immer an.
1819 3570 2099 3771 Fauſt
471 3741 2129 3925 Mein Herr Magiſter Lobeſan
457 3880 2464 4089 Laſſ er mich mit dem Geſez in Frieden.
464 4044 2150 4242 Und das ſag ich ihm kurz und gut
471 4194 2181 4369 Wenn nicht das ſüſe iunge Blut
477 4338 2467 4529 Heut Nacht in meinen Armen ruht,
467 4509 2556 4710 So ſind wir um Mitternacht geſchieden.
