4096 6144
3293 778 3631 955 525.
1488 989 2389 1235 Mephis: krazt ſich.
506 1136 2293 1372 Kein Logie habt ihr? wie ihr ſagt.
1481 1303 1887 1491 Student.
494 1467 2344 1699 Hab noch nicht da’mal darnach gefragt.
494 1645 2426 1836 Mein Wirthshaus nährt mich leidlich gut,
494 1795 2600 1993 Feines Mägdlein drinn aufwarthen thut.
1477 1949 1798 2174 Meph:
515 2109 2249 2304 Behüte Gott das führt euch weit!
494 2256 2389 2481 Caffee und Billard! Weh dem Spiel!
491 2409 2304 2638 Die Mägdlein ach ſie geilen viel!
494 2566 2054 2802 Vertrippliſtreichelt eure Zeit.
484 2747 2133 2955 Dagegen ſehn wirs leidlich gern,
488 2908 2099 3112 Daſſ alle Studioſi nah und fern
477 3061 2310 3273 Uns wenigſtens einmal die Wochen
471 3239 2368 3403 Kommen untern Abſaz gekrochen.
481 3368 2652 3594 Will einer an unſerm Speichel ſich lezzen
484 3556 2669 3781 Den thun wir zu unſrer Rechten ſezzen.
1491 3689 1935 3884 Student.
471 3884 2525 4130 Mir wird ganz greulich vorm Geſicht!
1510 4075 1827 4249 Meph:
491 4212 2160 4410 Das ſchadet der guten Sache nicht.
481 4382 2099 4608 Dann forderſamſt mit dem Logie
474 4522 2443 4778 Wüßt ich euch wohl nichts beſſers hie,
