4096 6144
3170 757 3525 911 563.
1675 901 1989 1064 Fauſt
529 1051 3601 1245 Auf meine Liebe! Dein Mörder wird dein Befreyer. Auf! – /: Er
535 1187 3601 1396 ſchlieſſt über ihrer Betäubung die Arm Kette auf :/ Komm, wir ent=
539 1341 1986 1536 gehen den ſchröcklichen Schickſāl.
1652 1515 2594 1716 Margr /: angelehnt :/
535 1652 1737 1853 Küſſe mich! Küſſe mich!
1723 1740 2010 1942 Fauſt
539 1901 2382 2082 Tauſendmal! Nur eile Gretgen eile!
1641 2068 2153 2215 Margr:
522 2181 3621 2368 Küſſe mich! Kannſt du nicht mehr küſſen? Wie! Was! Biſt mein
535 2348 3618 2525 Heinrich und haſt’s Küſſen verlernt! Wie ſonſt ein ganzer Himmel
539 2491 3648 2669 mit deiner Umarmung gewaltig über mich eindrang. Wie du küſſ=
542 2641 3495 2826 teſt als wollteſt du mich in wollüſtigem Todt erſticken. Heinrich
546 2781 3607 2986 küſſe mich, ſonſt küſſ ich dich /: ſie fällt ihn an :/ Weh! Deine
535 2942 2655 3130 Lippen ſind kalt! Todt! Antworten nicht!
1792 3095 2075 3276 Fauſt
535 3235 3522 3471 Folge mir, ich herze dich mit tauſendfacher Glut. Nur folge mir.
1747 3440 3676 3659 Margr: /: ſie ſetzt ſich und bleibt eine Zeitlang ſtille :/
552 3512 1416 3792 Heinrich biſt du’s?
1751 3621 2044 3805 Fauſt
539 3781 1556 3979 Ich bin’s. komm mit.
1730 3915 2106 4072 Margr:
556 4014 3563 4276 Ich begreiffs nicht! Du? Die Feſſeln los! Befreyſt mich. Wen
552 4177 1863 4423 befreyſt du! Weiſt du’s?
1863 4263 2181 4461 Fauſt.
539 4375 1406 4570 Komm! Komm!
1822 4502 2211 4642 Margr:
546 4560 3512 4829 Meine Mutter hab ich umgebracht! Mein Kind hab ich ertränckt.
