4096 6144
798 928 2580 1116 Und das friſſt mir ins Herz hinein
795 1088 2447 1259 Dir Heinrich muß es auch ſo ſeyn.
2034 1235 2348 1378 Fauſt
2227 1346 3568 1633 Du haſt nun die Antipathie!
2017 1522 2430 1675 Gretgen.
1597 1607 2539 1853 Ich muß nun fort.
2037 1754 2331 1904 Fauſt
2228 1867 3082 2024 Ach kann ich nie,
832 1986 2996 2143 Ein Stündgen ruhig dir am Buſen hänge
791 2102 3188 2293 Und Bruſt an Bruſt und Seel an Seele drängen.
2099 2256 2515 2437 Gretgen.
791 2389 2249 2553 Ach wenn ich nur alleine ſchlief
798 2512 2935 2703 Ich lies dir gern heut Nacht den Riegel offen.
802 2638 2546 2826 Doch meine Mutter ſchläfft nicht tief.
798 2771 2560 2955 Und würden wir von ihr betroffen
805 2908 2549 3106 Ich wär gleich auf der Stelle todt.
2078 3017 2413 3198 Fauſt.
802 3174 2164 3406 Du Engel das hat keine Noth.
808 3310 2955 3549 Hier iſt ein Fläſchgen und drey Tropfen nur
798 3474 2205 3645 In ihren Tranck umhüllen
802 3580 2631 3819 In tiefen Schlaf gefällig die Natur.
1942 3771 2573 3932 Gretgen.
795 3894 2583 4085 Was thu ich nicht um deinet willen.
808 4014 2669 4246 Es wird ihr hoffentlich nicht ſchaden!
2061 4198 2344 4365 Fauſt
805 4283 2563 4522 Würd ich ſonſt Liebgen dir es rathen.
2061 4474 2525 4659 Gretgen.
819 4573 2409 4782 Seh ich dich beſter Mann nur an
