4096 6144
870 942 3157 1150 Die hielte wohl den Teufel ſelbſt beym Wort.
1802 1088 2618 1280 /: zu Gretgen :/
856 1201 2802 1396 Wie ſteht es denn mit ihrem Herzen?
1962 1375 2385 1491 Margr:
856 1437 2235 1614 Was meint der Herr damit?
2044 1529 2863 1723 Meph: / vor ſich :/
2109 1641 3447 1870 Du gutts unſchuldigs Kind!
2493 1781 2856 1996 /: laut :/
853 1822 1969 2065 Lebt wohl ihr Fraun!
2099 1959 2484 2146 Marthe.
2013 2071 3307 2266 O ſagt mir doch geſchwind!
863 2177 2652 2365 Ich mögte gern ein Zeugniſſ haben,
844 2293 3537 2503 Wo, wie und wenn mein Schatz geſtorben und begraben:
856 2426 3106 2618 Ich bin von ie der Ordnung Freund geweſen.
849 2553 2983 2754 Mögt ihn auch todt in Wochenblättgen leſen.
2104 2682 2401 2877 Meph:
863 2798 2860 3000 Ja gute Frau durch zweyer Zeugen Mund
856 2949 2331 3106 Wird allewēgs die Wahrheit kund
866 3078 2744 3232 Habe noch gar einen feinen Geſellen,
863 3191 2809 3386 Den will ich euch vor den Richter ſtellen.
887 3338 1809 3519 Ich bring ihn her.
2020 3416 2382 3563 Marthe
1761 3498 2440 3662 O thut das ia.
2042 3604 2385 3783 Meph:
866 3662 2553 3884 Und hier die Jungfer iſt auch da.
870 3850 2611 4014 Ein braver Knab, iſt viel gereiſt
877 3969 2662 4194 Fräuleins alle Höflichkeit erweiſt.
2088 4106 2556 4249 Margr:
860 4225 3013 4450 Müſt vor ſolch Herren ſchamroth werden
2119 4355 2501 4553 Meph:
873 4491 2392 4706 Vor keinem König der Erden.
