<?xml version="1.0" encoding="UTF-8"  standalone="yes"?>
<PcGts xmlns="http://schema.primaresearch.org/PAGE/gts/pagecontent/2019-07-15" xmlns:xsi="http://www.w3.org/2001/XMLSchema-instance" xsi:schemaLocation="http://schema.primaresearch.org/PAGE/gts/pagecontent/2019-07-15 http://schema.primaresearch.org/PAGE/gts/pagecontent/2019-07-15/pagecontent.xsd">
  <Metadata>
	<Creator>escriptorium</Creator>
	<Created>2023-07-09T09:46:59.065949+00:00</Created>
        <LastChange>2023-07-09T09:46:59.065963+00:00</LastChange>

  </Metadata>
  <Page imageFilename="0025.jpg" imageWidth="4096" imageHeight="6144">

    
    <TextRegion id="eSc_textblock_3b4d8403"  custom="structure {type:text;}">
      <Coords points="2426,955 2563,996 2676,1133 3764,1160 3778,1334 3710,1402 2990,1416 2577,1515 2631,1624 2590,1894 2689,2075 3796,2075 3796,2607 3792,2604 3246,2635 3276,2689 3682,2744 3805,2826 3805,3396 3710,3505 3454,3532 3382,3614 3549,3700 3778,3727 3833,3915 3805,4092 2918,4232 2959,4324 2908,4369 3205,4505 3150,4652 1187,4693 1146,4652 1133,4328 737,4215 737,1911 791,1856 1430,1815 1419,1706 1515,1662 928,1621 778,1566 723,1361 750,996 1146,955"/>
      
      
      <TextLine id="eSc_line_293f9701" custom="structure {type:default;}">
        <Coords points="2232,955 2228,955 2112,965 2109,965 2041,1003 1942,965 1938,965 1867,965 1863,965 1860,965 1856,965 1802,1006 1768,983 1764,983 1761,983 1757,983 1597,1000 1546,969 1542,969 1539,969 1372,969 1368,969 1365,969 1361,969 1283,1034 1105,1034 1037,983 1034,983 1030,983 1027,983 1024,983 955,1000 884,979 873,983 856,983 785,1041 740,1041 737,1051 740,1119 740,1153 771,1167 774,1167 778,1167 781,1167 785,1167 802,1153 826,1140 870,1153 907,1163 911,1163 914,1163 918,1163 921,1163 921,1160 931,1153 948,1133 1136,1129 1310,1146 1314,1146 1317,1146 1320,1146 1355,1126 1430,1129 1447,1150 1454,1153 1454,1157 1457,1157 1460,1157 1464,1157 1594,1153 1597,1153 1611,1146 1662,1126 1699,1146 1713,1153 1716,1153 1720,1153 1723,1153 1737,1146 1778,1126 1836,1143 1839,1143 1843,1143 1846,1143 1908,1122 2030,1143 2034,1143 2037,1143 2099,1122 2201,1143 2205,1143 2208,1143 2536,1140 2539,1088 2532,1013 2327,1006 2235,955 2232,955"/>
        <Baseline points="740,1119 2539,1088"/>
        <TextEquiv>
          <Unicode>Nicht eine Dummheit, keine Sauerey.</Unicode>
        </TextEquiv>
      </TextLine>

      
      
      <TextLine id="eSc_line_2c5cbcd6" custom="structure {type:default;}">
        <Coords points="3710,1157 3642,1194 3481,1174 3478,1174 3474,1174 3471,1174 3406,1225 3317,1225 3280,1198 3276,1198 3273,1198 3269,1198 3266,1198 3263,1198 3229,1225 3078,1225 3044,1191 3044,1187 3041,1187 3037,1187 2973,1181 2938,1177 2935,1177 2908,1181 2720,1225 2577,1225 2536,1194 2471,1146 2467,1146 2464,1146 2310,1146 2307,1146 2304,1146 2300,1146 2300,1150 2242,1201 2133,1146 2129,1146 1901,1146 1897,1146 1894,1146 1890,1146 1805,1211 1716,1221 1716,1286 1713,1365 1928,1396 1931,1399 2119,1399 2119,1396 2123,1396 2164,1375 2464,1396 2467,1396 2471,1396 2474,1396 2508,1368 2672,1396 2676,1396 2679,1396 2682,1396 2737,1355 2757,1344 2935,1344 2952,1351 2969,1365 2973,1365 2976,1365 2979,1365 2983,1365 3031,1351 3054,1344 3065,1351 3082,1365 3082,1368 3085,1368 3089,1368 3092,1368 3095,1368 3099,1368 3099,1365 3116,1351 3126,1344 3433,1344 3440,1348 3508,1396 3512,1396 3515,1396 3519,1399 3635,1399 3635,1396 3638,1396 3727,1344 3730,1286 3717,1157 3710,1157"/>
        <Baseline points="1716,1286 2300,1280 3031,1300 3730,1286"/>
        <TextEquiv>
          <Unicode>Froſch /: gießt ihm ein Glas Wein übern Kopf :/</Unicode>
        </TextEquiv>
      </TextLine>

      
      
      <TextLine id="eSc_line_f319060c" custom="structure {type:default;}">
        <Coords points="750,1426 750,1460 1000,1471 1003,1471 1006,1471 1010,1471 1034,1454 1037,1454 1047,1464 1051,1464 1054,1464 1058,1464 1170,1450 1218,1443 1262,1447 1460,1460 1464,1460 1607,1433 1607,1406 1597,1310 1307,1314 1290,1307 1228,1283 1225,1283 1221,1283 1167,1286 1163,1286 1160,1286 1160,1290 1140,1307 1126,1320 1075,1307 1013,1290 1010,1290 1006,1290 744,1303 750,1426"/>
        <Baseline points="750,1426 1607,1406"/>
        <TextEquiv>
          <Unicode>Da haſt du beides!</Unicode>
        </TextEquiv>
      </TextLine>

      
      
      <TextLine id="eSc_line_c1cf6f08" custom="structure {type:default;}">
        <Coords points="1802,1566 1802,1590 2160,1594 2164,1566 2164,1426 1938,1396 1935,1396 1931,1396 1928,1396 1877,1440 1870,1447 1802,1447 1802,1566"/>
        <Baseline points="1802,1566 2164,1566"/>
        <TextEquiv>
          <Unicode>Brander</Unicode>
        </TextEquiv>
      </TextLine>

      
      
      <TextLine id="eSc_line_da1019fe" custom="structure {type:default;}">
        <Coords points="1819,1570 1815,1566 1815,1566 1812,1566 1781,1580 1757,1590 1682,1583 1682,1689 1679,1737 1809,1727 1836,1737 1856,1747 1860,1747 1863,1747 1911,1737 1979,1720 2013,1733 2034,1744 2037,1744 2041,1744 2095,1733 2140,1723 2201,1730 2351,1747 2355,1747 2358,1747 2402,1727 2409,1723 2553,1723 2556,1706 2556,1573 2348,1573 2344,1573 2341,1573 2338,1573 2290,1604 2239,1604 2211,1576 2201,1570 2201,1566 2198,1566 2194,1566 2191,1566 2187,1566 2150,1576 2071,1597 2007,1576 1989,1573 1986,1573 1983,1573 1979,1573 1966,1580 1925,1594 1873,1580 1832,1570 1819,1570"/>
        <Baseline points="1682,1689 2556,1706"/>
        <TextEquiv>
          <Unicode>Eſel! Schwein!</Unicode>
        </TextEquiv>
      </TextLine>

      
      
      <TextLine id="eSc_line_6818cb41" custom="structure {type:default;}">
        <Coords points="1805,1887 1812,1925 1911,1890 2013,1887 2041,1901 2061,1908 2065,1908 2068,1908 2071,1908 2075,1908 2075,1904 2085,1894 2099,1880 2136,1887 2140,1860 2116,1720 2068,1751 2027,1740 1972,1730 1969,1730 1966,1730 1962,1730 1962,1733 1925,1768 1897,1795 1795,1798 1805,1887"/>
        <Baseline points="1805,1887 1949,1867 2140,1860"/>
        <TextEquiv>
          <Unicode>Froſch</Unicode>
        </TextEquiv>
      </TextLine>

      
      
      <TextLine id="eSc_line_d890196b" custom="structure {type:default;}">
        <Coords points="744,1993 740,2024 822,2024 836,2030 880,2054 884,2054 887,2054 890,2054 894,2054 894,2051 918,2030 928,2024 1119,2024 1146,2034 1194,2054 1198,2054 1201,2054 1204,2054 1208,2054 1208,2051 1228,2037 1239,2024 1378,2024 1399,2037 1450,2085 1454,2085 1457,2085 1460,2088 1614,2088 1614,2085 1617,2085 1675,2054 1710,2085 1713,2085 1716,2085 1720,2088 1805,2088 1805,2085 1809,2085 1812,2085 1860,2044 1880,2030 1938,2048 1966,2054 1969,2054 1972,2054 2024,2048 2078,2041 2095,2048 2170,2092 2174,2092 2177,2095 2344,2095 2344,2092 2348,2092 2351,2092 2409,2054 2440,2034 2522,2054 2532,2010 2529,1942 2474,1942 2474,1938 2426,1897 2423,1897 2420,1897 2416,1897 2252,1935 2174,1894 2170,1894 2102,1894 2099,1894 2095,1894 2092,1894 2044,1935 2044,1938 1972,1938 1972,1935 1935,1904 1935,1901 1931,1901 1928,1901 1925,1901 1921,1901 1850,1935 1846,1935 1744,1935 1744,1931 1686,1890 1682,1890 1679,1890 1675,1890 1583,1894 1580,1894 1576,1894 1539,1921 1457,1887 1454,1887 1450,1887 1447,1887 1355,1928 1355,1931 1191,1931 1184,1928 1099,1904 1095,1904 1092,1904 1088,1904 1064,1918 1027,1884 1024,1884 1020,1884 935,1884 931,1884 928,1884 925,1884 873,1914 829,1894 826,1894 822,1894 819,1894 744,1921 744,1993"/>
        <Baseline points="744,1993 2532,2010"/>
        <TextEquiv>
          <Unicode>Muß man mit euch nicht beydes ſeyn.</Unicode>
        </TextEquiv>
      </TextLine>

      
      
      <TextLine id="eSc_line_0e700be3" custom="structure {type:default;}">
        <Coords points="1863,2146 1863,2184 2215,2181 2215,2146 2215,2078 1942,2034 1938,2034 1935,2034 1863,2071 1863,2146"/>
        <Baseline points="1863,2146 2215,2146"/>
        <TextEquiv>
          <Unicode>Siebel.</Unicode>
        </TextEquiv>
      </TextLine>

      
      
      <TextLine id="eSc_line_d35bb69f" custom="structure {type:default;}">
        <Coords points="2211,2150 2208,2150 2164,2167 2143,2174 2116,2167 2075,2157 2071,2157 2068,2157 1993,2167 1945,2174 1925,2167 1873,2150 1870,2150 1867,2146 1805,2126 1802,2126 1798,2126 1573,2143 1460,2129 1457,2129 1454,2129 1399,2157 1324,2126 1320,2126 1163,2123 1160,2123 1157,2123 996,2164 877,2123 873,2123 870,2123 866,2123 863,2123 798,2167 791,2170 747,2170 747,2263 750,2304 819,2286 873,2300 877,2300 880,2300 1160,2276 1218,2297 1221,2297 1225,2297 1351,2280 1406,2307 1457,2334 1460,2334 1464,2334 1467,2334 1525,2307 1583,2280 1665,2280 1706,2304 1710,2304 1713,2304 1716,2304 1870,2293 1942,2310 2054,2334 2058,2334 2061,2334 2123,2310 2133,2307 2153,2310 2215,2321 2218,2321 2222,2321 2249,2310 2290,2290 2539,2280 2607,2310 2611,2310 2785,2324 2788,2324 2843,2314 2884,2304 2901,2314 2942,2334 2945,2334 2949,2338 3293,2338 3293,2334 3297,2334 3351,2314 3406,2293 3781,2314 3788,2266 3778,2167 3713,2174 3696,2167 3631,2129 3628,2129 3624,2129 3621,2129 3618,2129 3556,2167 3543,2174 3488,2167 3321,2140 3317,2140 3314,2140 3256,2167 3239,2177 2966,2177 2949,2167 2911,2146 2908,2146 2904,2146 2812,2157 2734,2136 2730,2136 2727,2136 2723,2136 2645,2164 2522,2126 2519,2126 2385,2126 2382,2126 2269,2129 2266,2129 2211,2146 2211,2150"/>
        <Baseline points="747,2263 1747,2249 2778,2273 3788,2266"/>
        <TextEquiv>
          <Unicode>Drey Teufel! ruht! und ſingt runda! und drein geſoffen drein</Unicode>
        </TextEquiv>
      </TextLine>

      
      
      <TextLine id="eSc_line_63908c37" custom="structure {type:default;}">
        <Coords points="764,2399 768,2461 897,2420 955,2457 959,2457 962,2457 965,2461 1122,2461 1122,2457 1126,2457 1140,2454 1204,2423 1232,2450 1239,2454 1239,2457 1242,2457 1245,2457 1249,2461 1338,2461 1338,2457 1341,2457 1344,2457 1358,2447 1409,2413 1488,2413 1525,2443 1539,2457 1542,2457 1546,2457 1549,2461 1628,2461 1628,2457 1631,2457 1665,2440 1713,2413 1972,2423 1986,2433 2013,2450 2017,2450 2020,2450 2024,2450 2027,2450 2088,2430 2136,2413 2164,2426 2218,2457 2222,2457 2225,2457 2228,2457 2232,2457 2232,2454 2263,2426 2269,2416 2290,2423 2324,2437 2327,2437 2331,2437 2382,2426 2406,2447 2406,2450 2409,2450 2413,2450 2416,2450 2420,2450 2536,2420 2560,2413 2686,2413 2693,2392 2689,2310 2607,2286 2604,2286 2600,2286 2597,2286 2553,2310 2512,2273 2508,2273 2505,2273 2344,2273 2341,2273 2338,2273 2252,2310 2215,2293 2211,2293 2208,2293 2205,2293 2146,2310 2116,2286 2112,2286 2109,2286 2106,2286 2102,2286 2051,2314 1901,2314 1853,2273 1850,2273 1846,2273 1843,2273 1696,2276 1693,2276 1689,2276 1689,2280 1669,2297 1580,2273 1576,2273 1573,2273 1570,2273 1457,2307 1426,2280 1423,2280 1419,2280 1416,2280 1413,2280 1409,2280 1372,2310 1286,2310 1201,2273 1198,2273 1095,2273 1092,2273 1088,2273 1085,2273 1024,2310 955,2273 952,2273 948,2273 945,2273 942,2273 942,2276 904,2314 761,2314 764,2399"/>
        <Baseline points="764,2399 1464,2385 2693,2392"/>
        <TextEquiv>
          <Unicode>gekriſchen. Holla he! Auf! He da!</Unicode>
        </TextEquiv>
      </TextLine>

      
      
      <TextLine id="eSc_line_3d5ef897" custom="structure {type:default;}">
        <Coords points="1959,2529 1959,2577 2174,2577 2174,2573 2177,2573 2181,2573 2181,2570 2205,2549 2208,2546 2290,2539 2290,2522 2283,2447 2140,2423 2136,2423 1955,2454 1959,2529"/>
        <Baseline points="1959,2529 2290,2522"/>
        <TextEquiv>
          <Unicode>Alten.</Unicode>
        </TextEquiv>
      </TextLine>

      
      
      <TextLine id="eSc_line_4a9f68f8" custom="structure {type:default;}">
        <Coords points="747,2638 747,2665 846,2686 849,2686 853,2686 894,2669 901,2665 1058,2665 1068,2669 1163,2720 1167,2720 1170,2723 1273,2723 1273,2720 1276,2720 1280,2720 1341,2672 1396,2717 1399,2717 1402,2717 1491,2720 1495,2720 1993,2717 1996,2717 2000,2717 2071,2672 2088,2662 2146,2672 2198,2679 2201,2679 2276,2672 2372,2662 2443,2672 2553,2689 2556,2689 2560,2689 2590,2676 2618,2699 2618,2703 2621,2703 2624,2703 2628,2703 2631,2703 2689,2672 2706,2665 2952,2672 2959,2631 2952,2570 2798,2570 2737,2532 2734,2532 2730,2532 2727,2532 2723,2532 2720,2532 2676,2566 2587,2566 2512,2525 2508,2525 2505,2525 2501,2525 2498,2525 2498,2529 2454,2566 2368,2539 2365,2539 2362,2539 2358,2539 2355,2539 2317,2563 2235,2529 2232,2529 2228,2529 2225,2529 2167,2553 2126,2536 2123,2536 2119,2536 2116,2536 2112,2536 2112,2539 2082,2570 1969,2570 1925,2529 1925,2525 1921,2525 1918,2525 1877,2525 1873,2525 1870,2525 1867,2525 1815,2573 1757,2573 1706,2529 1703,2529 1699,2529 1638,2529 1634,2529 1631,2529 1628,2529 1573,2566 1525,2539 1522,2539 1518,2539 1515,2539 1488,2553 1375,2536 1372,2536 1368,2536 1276,2570 1204,2536 1201,2536 1198,2536 1194,2536 1099,2570 993,2529 989,2529 843,2529 839,2529 836,2529 832,2529 832,2532 788,2573 744,2573 747,2638"/>
        <Baseline points="747,2638 2959,2631"/>
        <TextEquiv>
          <Unicode>Baumwolle her; der ſprengt uns die Ohren.</Unicode>
        </TextEquiv>
      </TextLine>

      
      
      <TextLine id="eSc_line_6d2c066a" custom="structure {type:default;}">
        <Coords points="2024,2768 2024,2795 2344,2792 2344,2757 2338,2665 2126,2648 2123,2648 2119,2648 2017,2679 2024,2768"/>
        <Baseline points="2024,2768 2344,2757"/>
        <TextEquiv>
          <Unicode>Siebel</Unicode>
        </TextEquiv>
      </TextLine>

      
      
      <TextLine id="eSc_line_c808af06" custom="structure {type:default;}">
        <Coords points="3758,2798 3474,2798 3471,2795 3416,2757 3413,2757 3409,2757 3406,2757 3403,2757 3290,2792 3280,2795 3273,2792 3198,2771 3194,2771 3191,2771 3044,2792 3010,2795 2993,2792 2925,2768 2921,2768 2918,2768 2914,2768 2846,2788 2829,2795 2816,2788 2792,2778 2788,2778 2785,2778 2781,2778 2737,2788 2723,2792 2706,2788 2611,2764 2607,2764 2604,2764 2600,2764 2549,2788 2529,2798 2426,2798 2399,2785 2334,2761 2331,2761 2327,2761 2324,2761 2321,2761 2286,2785 2283,2785 2276,2785 2133,2775 2129,2775 2082,2785 2044,2792 2000,2785 1822,2744 1819,2744 1696,2757 1655,2740 1652,2740 1167,2740 1163,2740 1160,2740 1061,2775 1054,2778 1051,2775 993,2740 989,2740 986,2740 849,2740 846,2740 843,2740 740,2771 744,2894 747,2938 846,2911 1010,2935 1013,2935 1017,2935 1078,2911 1324,2928 1327,2928 1423,2911 1471,2932 1474,2932 1477,2932 1669,2911 1744,2935 1761,2942 1764,2942 1768,2942 1771,2942 1788,2935 1867,2911 1972,2935 2075,2959 2078,2962 2201,2962 2201,2959 2205,2959 2266,2935 2334,2908 2437,2908 2491,2935 2532,2955 2536,2955 2539,2959 2822,2959 2822,2955 2826,2955 2897,2932 2945,2918 3010,2932 3058,2942 3061,2942 3065,2942 3092,2932 3112,2925 3123,2932 3160,2955 3164,2955 3167,2955 3170,2955 3338,2945 3341,2945 3368,2932 3399,2914 3430,2932 3440,2935 3444,2935 3447,2935 3450,2935 3464,2932 3502,2918 3560,2932 3604,2938 3607,2938 3611,2938 3635,2932 3679,2914 3761,2928 3768,2887 3761,2798 3758,2798"/>
        <Baseline points="744,2894 3768,2887"/>
        <TextEquiv>
          <Unicode>Kann ich davor daſſ das verflucht niedrige Gewölbe ſo wieder=</Unicode>
        </TextEquiv>
      </TextLine>

      
      
      <TextLine id="eSc_line_d8ef269f" custom="structure {type:default;}">
        <Coords points="757,3041 757,3106 890,3102 894,3102 1006,3054 1163,3078 1167,3078 1283,3054 1307,3075 1307,3078 1310,3078 1314,3078 1317,3078 1320,3078 1324,3078 1375,3044 1443,3078 1454,3020 1443,2955 1327,2959 1324,2959 1228,2908 1225,2908 1221,2908 1218,2908 1119,2962 1068,2918 1068,2914 1064,2914 1061,2914 866,2914 863,2914 860,2914 754,2969 757,3041"/>
        <Baseline points="757,3041 1454,3020"/>
        <TextEquiv>
          <Unicode>ſchallt. Sing.</Unicode>
        </TextEquiv>
      </TextLine>

      
      
      <TextLine id="eSc_line_5924bf75" custom="structure {type:default;}">
        <Coords points="1931,3167 1931,3188 1989,3211 1993,3211 1996,3211 2000,3211 2048,3191 2054,3188 2068,3191 2153,3208 2157,3208 2280,3191 2280,3153 2269,3013 2211,2973 2208,2973 2205,2973 2201,2973 2126,2976 2123,2976 2119,2976 2119,2979 2041,3051 2027,3065 1925,3065 1931,3167"/>
        <Baseline points="1931,3167 2280,3153"/>
        <TextEquiv>
          <Unicode>Froſch.</Unicode>
        </TextEquiv>
      </TextLine>

      
      
      <TextLine id="eSc_line_a6588861" custom="structure {type:default;}">
        <Coords points="747,3317 747,3345 846,3365 849,3365 853,3365 890,3348 894,3345 897,3348 962,3379 965,3379 969,3379 972,3379 1088,3348 1126,3338 1331,3338 1348,3348 1358,3355 1361,3355 1365,3355 1368,3355 1498,3348 1689,3338 1757,3348 1836,3362 1839,3362 2000,3348 2191,3334 2218,3351 2256,3375 2259,3375 2263,3375 2266,3379 2529,3379 2529,3375 2532,3375 2594,3351 2604,3348 2641,3351 2809,3372 2812,3372 3102,3355 3191,3372 3194,3372 3287,3355 3392,3331 3512,3345 3515,3345 3727,3328 3771,3355 3781,3300 3778,3242 3645,3242 3590,3205 3587,3205 3584,3205 3580,3205 3488,3211 3437,3177 3433,3177 3430,3177 3426,3177 3345,3188 3304,3160 3300,3160 3297,3160 2938,3160 2935,3160 2932,3160 2816,3222 2747,3222 2624,3167 2621,3167 2618,3167 2396,3215 2293,3164 2290,3164 2286,3164 2283,3164 2106,3249 1867,3249 1737,3194 1733,3194 1730,3194 1727,3194 1723,3194 1645,3249 1460,3242 1348,3198 1344,3198 1341,3198 1338,3198 1334,3198 1252,3252 1191,3252 1064,3198 1061,3198 1058,3198 1054,3198 1051,3198 1013,3225 928,3205 925,3205 921,3205 918,3205 744,3252 747,3317"/>
        <Baseline points="747,3317 1798,3300 3781,3300"/>
        <TextEquiv>
          <Unicode>A! Tra! Tara! lara! di! – Geſtimmt iſt! Und was nun</Unicode>
        </TextEquiv>
      </TextLine>

      
      
      <TextLine id="eSc_line_4efb5ff0" custom="structure {type:default;}">
        <Coords points="1563,3502 1563,3536 1832,3519 1959,3532 1979,3532 1983,3532 1986,3532 1989,3532 2024,3512 2109,3529 2225,3549 2228,3549 2232,3549 2283,3525 2324,3505 2375,3505 2392,3522 2399,3525 2399,3529 2402,3529 2406,3529 2409,3529 2413,3529 2437,3522 2443,3519 2443,3522 2474,3546 2478,3546 2481,3546 2484,3549 2546,3549 2546,3546 2645,3543 2648,3543 2713,3515 2740,3502 2751,3512 2764,3525 2764,3529 2768,3529 2771,3529 2775,3529 2778,3529 2846,3512 2870,3505 2880,3512 2904,3525 2908,3525 2911,3525 2914,3525 2918,3525 2952,3508 2973,3498 3041,3505 3044,3481 3041,3386 3003,3368 3000,3368 2996,3368 2993,3368 2990,3368 2962,3386 2935,3406 2914,3389 2897,3372 2894,3372 2891,3372 2846,3372 2843,3372 2839,3372 2836,3372 2812,3389 2805,3396 2792,3389 2706,3358 2703,3358 2699,3358 2696,3358 2693,3358 2645,3392 2641,3396 2638,3392 2618,3386 2614,3386 2611,3386 2607,3386 2583,3396 2539,3416 2327,3416 2310,3399 2283,3379 2280,3379 2276,3379 2273,3379 2269,3379 2208,3399 2157,3386 2153,3386 2150,3386 2146,3386 2143,3386 2143,3389 2123,3406 2116,3409 2109,3406 2061,3365 2058,3365 2054,3365 2051,3365 2048,3365 1931,3406 1880,3389 1877,3389 1873,3389 1870,3389 1836,3406 1798,3372 1795,3372 1792,3372 1634,3372 1631,3372 1628,3372 1624,3372 1559,3406 1563,3502"/>
        <Baseline points="1563,3502 3044,3481"/>
        <TextEquiv>
          <Unicode>Das liebe heilge römſche Reich</Unicode>
        </TextEquiv>
      </TextLine>

      
      
      <TextLine id="eSc_line_f805e1a0" custom="structure {type:default;}">
        <Coords points="1570,3638 1566,3676 1675,3672 1689,3679 1744,3706 1747,3706 1751,3710 1839,3710 1839,3706 1843,3706 1846,3706 1884,3676 1890,3669 1904,3676 1949,3693 1952,3693 1955,3693 1959,3693 1962,3693 1962,3689 1979,3676 2000,3655 2300,3655 2327,3669 2392,3710 2396,3710 2399,3710 2402,3713 2676,3713 2676,3710 2679,3710 2682,3710 2747,3662 2754,3655 2771,3662 2856,3693 2860,3693 2863,3693 2867,3693 2966,3659 2969,3659 2973,3659 3119,3682 3123,3682 3126,3682 3130,3682 3164,3655 3167,3655 3235,3655 3239,3635 3235,3563 3082,3529 3078,3529 3075,3529 3072,3529 3072,3532 3041,3560 2928,3560 2826,3560 2822,3560 2792,3529 2792,3525 2788,3525 2785,3525 2781,3525 2682,3532 2679,3532 2676,3532 2638,3560 2635,3560 2607,3556 2396,3532 2392,3532 2389,3532 2385,3532 2351,3556 2341,3563 2286,3563 2280,3556 2256,3536 2256,3532 2252,3532 2249,3532 2245,3532 2153,3553 2048,3522 2044,3522 2041,3522 1757,3543 1658,3529 1655,3529 1652,3529 1648,3529 1614,3553 1607,3556 1570,3553 1570,3638"/>
        <Baseline points="1570,3638 2095,3624 3239,3635"/>
        <TextEquiv>
          <Unicode>Wie hälts nur noch zuſammen.</Unicode>
        </TextEquiv>
      </TextLine>

      
      
      <TextLine id="eSc_line_ed3e1778" custom="structure {type:default;}">
        <Coords points="1925,3771 1925,3795 2051,3816 2054,3816 2413,3792 2413,3761 2409,3682 2290,3635 2286,3635 2283,3635 2280,3635 2276,3635 2276,3638 2225,3686 2160,3686 2092,3638 2088,3638 2085,3638 2082,3638 2078,3638 1921,3689 1925,3771"/>
        <Baseline points="1925,3771 2413,3761"/>
        <TextEquiv>
          <Unicode>Brander.</Unicode>
        </TextEquiv>
      </TextLine>

      
      
      <TextLine id="eSc_line_4b3f763a" custom="structure {type:default;}">
        <Coords points="768,3901 768,3945 1228,3911 1286,3935 1290,3935 1293,3935 1297,3935 1300,3935 1338,3908 1532,3908 1573,3932 1580,3938 1583,3938 1587,3938 1590,3938 1594,3938 1607,3932 1645,3911 1689,3925 1693,3925 1696,3925 1850,3904 2051,3921 2054,3921 2058,3921 2106,3904 2409,3904 2437,3918 2478,3932 2481,3932 2484,3935 2874,3935 2874,3932 2877,3932 2921,3908 2935,3901 2952,3908 3003,3925 3007,3925 3123,3928 3126,3928 3130,3928 3133,3928 3170,3904 3317,3928 3321,3928 3324,3928 3392,3904 3457,3928 3461,3928 3464,3928 3467,3928 3529,3898 3778,3891 3781,3867 3775,3754 3645,3754 3642,3754 3638,3754 3515,3812 3324,3771 3321,3771 3317,3771 3215,3819 2914,3819 2853,3781 2850,3781 2846,3781 2843,3781 2839,3781 2764,3805 2669,3761 2665,3761 2662,3761 2658,3761 2570,3799 2501,3771 2498,3771 2495,3771 2491,3771 2379,3826 2239,3826 2146,3785 2143,3785 2140,3785 2136,3785 2092,3802 2000,3775 1996,3775 1993,3775 1918,3788 1764,3768 1761,3768 1757,3768 1754,3768 1720,3788 1570,3768 1566,3768 1563,3768 1419,3822 1293,3833 1105,3833 993,3771 989,3771 764,3771 768,3901"/>
        <Baseline points="768,3901 1392,3884 2846,3894 3781,3867"/>
        <TextEquiv>
          <Unicode>Pfuy ein garſtig Lied! Ein politiſch Lied, ein leidig Lied</Unicode>
        </TextEquiv>
      </TextLine>

      
      
      <TextLine id="eSc_line_a76ea26f" custom="structure {type:default;}">
        <Coords points="761,4048 761,4085 921,4075 935,4085 1030,4143 1034,4143 1037,4143 1041,4147 1092,4147 1092,4143 1095,4143 1099,4143 1198,4078 1232,4061 1314,4061 1358,4078 1409,4096 1413,4096 1416,4096 1419,4096 1484,4075 1546,4055 2218,4055 2256,4061 2290,4072 2293,4072 2297,4072 2300,4072 2304,4072 2317,4061 2334,4051 2437,4051 2454,4061 2566,4130 2570,4130 2573,4130 2577,4130 3495,4123 3631,4102 3635,4102 3788,4037 3788,4010 3775,3891 3662,3949 3529,3949 3447,3901 3440,3894 3437,3894 3433,3894 3430,3894 3358,3901 3300,3911 3297,3911 3293,3911 3235,3952 2993,3911 2955,3908 2952,3908 2949,3908 2925,3915 2836,3938 2761,3918 2730,3911 2727,3911 2723,3911 2720,3911 2717,3911 2706,3921 2645,3962 2317,3962 2211,3935 2119,3908 2116,3908 2112,3908 2109,3908 2048,3938 2020,3952 1996,3938 1938,3908 1935,3908 1931,3908 1832,3928 1805,3908 1802,3908 1798,3908 1539,3908 1536,3908 1348,3928 1235,3911 1232,3911 1228,3911 1126,3938 1047,3915 1044,3915 1041,3915 1037,3915 1034,3915 942,3969 931,3976 757,3976 761,4048"/>
        <Baseline points="761,4048 1542,4024 3788,4010"/>
        <TextEquiv>
          <Unicode>Dankt Gott daſſ euch das heilige römiſche Reich nichts angeht.</Unicode>
        </TextEquiv>
      </TextLine>

      
      
      <TextLine id="eSc_line_eaabb0fd" custom="structure {type:default;}">
        <Coords points="750,4174 754,4208 798,4198 819,4208 826,4215 829,4215 832,4215 836,4215 839,4215 843,4215 849,4208 873,4191 901,4208 907,4215 911,4215 914,4215 918,4215 955,4208 1082,4188 1157,4212 1174,4215 1177,4215 1181,4215 1208,4212 1303,4191 1447,4208 1450,4208 1611,4191 1665,4212 1727,4235 1730,4235 1733,4239 1979,4239 1979,4235 1983,4235 2037,4212 2112,4181 2211,4184 2239,4212 2256,4225 2256,4229 2259,4229 2263,4229 2266,4229 2269,4229 2273,4229 2293,4212 2327,4191 2355,4212 2358,4215 2358,4218 2362,4218 2365,4218 2368,4218 2372,4218 2385,4212 2420,4198 2590,4212 2597,4154 2587,4102 2464,4102 2461,4102 2416,4061 2413,4061 2409,4061 2290,4055 2286,4055 2242,4058 2239,4058 2235,4058 2235,4061 2187,4106 2184,4109 2075,4109 2075,4106 1966,4061 1962,4061 1812,4061 1809,4061 1525,4113 1522,4113 1501,4113 1351,4113 1310,4072 1310,4068 1307,4068 1303,4068 1252,4068 1249,4068 1245,4068 1242,4068 1191,4109 1068,4119 1047,4119 952,4072 948,4072 826,4072 822,4072 819,4072 815,4072 747,4113 750,4174"/>
        <Baseline points="750,4174 2597,4154"/>
        <TextEquiv>
          <Unicode>Wir wollen einen Papſt wählen.</Unicode>
        </TextEquiv>
      </TextLine>

      
      
      <TextLine id="eSc_line_437a885f" custom="structure {type:default;}">
        <Coords points="2030,4304 2030,4345 2341,4331 2341,4297 2324,4164 2286,4188 2273,4174 2269,4174 2269,4171 2266,4171 2263,4171 2160,4164 2157,4164 2153,4164 2150,4164 2092,4212 2078,4222 2027,4222 2030,4304"/>
        <Baseline points="2030,4304 2341,4297"/>
        <TextEquiv>
          <Unicode>Froſch</Unicode>
        </TextEquiv>
      </TextLine>

      
      
      <TextLine id="eSc_line_f2f62eca" custom="structure {type:default;}">
        <Coords points="2225,4300 2222,4300 2218,4300 2215,4300 2208,4300 2160,4341 2123,4311 2123,4307 2119,4307 2116,4307 2112,4307 2109,4307 2106,4307 2088,4321 2000,4300 1996,4300 1843,4307 1839,4307 1781,4334 1662,4304 1658,4304 1655,4304 1652,4304 1648,4304 1546,4375 1389,4375 1344,4334 1344,4331 1341,4331 1338,4331 1276,4331 1273,4331 1269,4331 1191,4372 1194,4464 1194,4515 1314,4509 1317,4509 1368,4481 1457,4512 1460,4512 1464,4512 1467,4512 1525,4481 1645,4512 1648,4512 1652,4512 1655,4512 1658,4512 1662,4512 1662,4509 1693,4485 1853,4498 1856,4498 1952,4478 1972,4495 1976,4495 1979,4495 1983,4495 1986,4495 1989,4495 1989,4491 2010,4474 2126,4491 2129,4491 2198,4478 2245,4498 2249,4498 2252,4498 2399,4478 2437,4505 2440,4509 2443,4509 2447,4509 2450,4509 2454,4509 2467,4505 2501,4488 2539,4502 2546,4505 2549,4505 2553,4505 2809,4498 2812,4457 2805,4372 2604,4372 2560,4331 2556,4331 2553,4331 2304,4307 2300,4307 2297,4307 2252,4328 2228,4304 2228,4300 2225,4300"/>
        <Baseline points="1194,4464 2812,4457"/>
        <TextEquiv>
          <Unicode>Schwing’ dich auf Frau Nachtigall</Unicode>
        </TextEquiv>
      </TextLine>

      
      
      <TextLine id="eSc_line_8e00f99c" custom="structure {type:default;}">
        <Coords points="1191,4584 1198,4700 1242,4666 1389,4689 1392,4689 1396,4689 1460,4662 1532,4679 1536,4679 1539,4679 1710,4666 1751,4693 1761,4703 1764,4703 1768,4703 1771,4706 1925,4706 1925,4703 1928,4703 1931,4703 1945,4693 1983,4666 2034,4666 2061,4693 2071,4700 2071,4703 2075,4703 2078,4703 2082,4706 2280,4706 2280,4703 2283,4703 2286,4703 2304,4689 2331,4669 2420,4689 2426,4689 2430,4689 2433,4689 2437,4689 2478,4662 2515,4662 2546,4689 2563,4703 2566,4703 2570,4703 2573,4706 2757,4706 2757,4703 2761,4703 2764,4703 2788,4686 2802,4700 2805,4700 2809,4700 2812,4700 2816,4700 2843,4686 2891,4662 3095,4662 3150,4683 3157,4584 3157,4519 3075,4491 3072,4491 3068,4491 3065,4491 3061,4491 3061,4495 3034,4519 2959,4519 2918,4481 2918,4478 2914,4478 2911,4478 2908,4478 2904,4478 2805,4505 2778,4485 2778,4481 2775,4481 2771,4481 2628,4478 2624,4478 2621,4478 2618,4478 2618,4481 2590,4502 2560,4478 2556,4478 2553,4478 2341,4478 2338,4478 2334,4478 2331,4478 2266,4519 2259,4522 2078,4522 2071,4519 2000,4478 1996,4478 1993,4478 1989,4478 1986,4478 1928,4515 1921,4522 1727,4522 1713,4515 1597,4478 1594,4478 1590,4478 1587,4478 1583,4478 1542,4515 1536,4522 1501,4522 1498,4515 1460,4481 1460,4478 1457,4478 1454,4478 1372,4478 1368,4478 1365,4478 1361,4478 1361,4481 1324,4515 1320,4515 1317,4515 1293,4498 1290,4498 1286,4498 1283,4498 1191,4512 1191,4584"/>
        <Baseline points="1191,4584 3157,4584"/>
        <TextEquiv>
          <Unicode>Grüs mein Liebgen zehntauſendmal.</Unicode>
        </TextEquiv>
      </TextLine>

      
    </TextRegion>
    

    
  </Page>
</PcGts>
