4096 6144
832 993 2300 1198 Daß ihr falſch Zeugniſſ abgelegt.
808 1126 3290 1341 Habt ihr von Gott, der Welt, und was ſich drinne regt,
815 1256 3519 1484 Vom Menſchen, und was ihm in Kopf und Herzen ſchlägt,
805 1396 3170 1590 Definitionen nicht mit groſer Kraft gegeben?
819 1510 2688 1730 Und habt davon in Geiſt und Bruſt,
819 1655 3300 1890 So viel als von Herrn Schwerdleins Tod gewuſſt.
1901 1843 2249 2003 Fauſt.
1163 1887 1566 2051 u. bleibſt
829 1952 2331 2140 Du biſt ein Lügner, ein Sophiſte.
1993 2092 2300 2239 Meph:
836 2201 3215 2396 Ja, wenn man’s nicht einbiſſgen tiefer wüſte.
826 2338 2771 2498 Denn morgen wirſt in allen Ehren
822 2474 2628 2641 Das arme Gretgen nicht bethören?
812 2597 2495 2778 Und alle Seelenlieb ihr ſchwören?
1979 2740 2310 2877 Fauſt
819 2836 1996 3017 Und zwar von Herzen.
2001 2877 2283 3102 Meph:
1904 3036 2652 3200 Gut und ſchön.
815 3133 2966 3297 Dann wird von ewger Treu und Liebe!
808 3280 2805 3457 Von einzig überallmächtgen Triebe –
805 3416 2754 3621 Wird das auch ſo von Herzen gehn.
2034 3543 2310 3713 Fauſt
808 3665 2856 3836 Laſſ das, es wird. Wenn ich empfinde
819 3795 2590 3969 Und dem Gefühl und dem Gewühl
819 3911 3566 4133 Vergebens Nahmen ſuch und keinen Nahmen finde.
819 4072 3239 4242 Und in der Welt mit allen Sinnen ſchweife
812 4218 2662 4369 Und alle höchſten Worte greife,
815 4338 2652 4543 Und dieſe Glut von der ich brenne
819 4512 2416 4635 Unendlich, ewig, ewig nenne
826 4601 2536 4843 Iſt das ein teufliſch Lügenſpiel.
