4096 6144
1621 870 1979 1051 Nacht.
744 1082 3379 1286 In einem hochgewölbten engen gothiſchen Zimmer
662 1221 3252 1440 Fauſt unruhig auf ſeinem Seſſel am Pulten.
389 1551 1725 1797 Hab nun ach die Philoſophey
368 1720 1706 1911 Medizin und Juriſterey,
368 1839 1972 2013 Und leider auch die Theologie
372 1931 2198 2184 Durchaus ſtudirt mit heiſſer Müh.
385 2092 2048 2304 Da ſteh ich nun ich armer Tohr
373 2206 2073 2447 Und bin ſo klug als wie zuvor.
389 2329 2099 2631 Heiſſe Docktor und Profeſſor gar
378 2488 2201 2792 Und ziehe ſchon an die zehen Jahr
394 2626 2401 2938 Herauf herab und queer und krum
384 2805 2201 3097 Meine Schüler an der Nas herum
389 2938 2524 3225 Und ſeh daß wir nichts wiſſen können
384 3092 2759 3404 Das will mir ſchier das Herz verbrennen.
394 3256 2703 3537 Zwar bin ich geſcheuter als alle die Laffen
368 3399 2565 3701 Docktores, Profeſſors, Schreiber und Pfaffen
384 3568 2508 3891 Mich blagen keine Skrupel noch Zweifel
389 3737 2508 4014 Fürcht mich weder vor Höll noch Teufel.
404 3896 2549 4177 Dafür iſt mir auch all Freud entriſſen
419 4089 2652 4334 Bild mir nicht ein was rechts zu wiſſen
430 4273 2693 4464 Bild mir nicht ein ich könnt was lehren
436 4430 2723 4689 Die Menſchen zu beſſern und zu bekehren,
3205 757 3525 945 518.
