<?xml version="1.0" encoding="UTF-8"  standalone="yes"?>
<PcGts xmlns="http://schema.primaresearch.org/PAGE/gts/pagecontent/2019-07-15" xmlns:xsi="http://www.w3.org/2001/XMLSchema-instance" xsi:schemaLocation="http://schema.primaresearch.org/PAGE/gts/pagecontent/2019-07-15 http://schema.primaresearch.org/PAGE/gts/pagecontent/2019-07-15/pagecontent.xsd">
  <Metadata>
	<Creator>escriptorium</Creator>
	<Created>2023-07-09T09:47:00.409212+00:00</Created>
        <LastChange>2023-07-09T09:47:00.409225+00:00</LastChange>

  </Metadata>
  <Page imageFilename="0085.jpg" imageWidth="4096" imageHeight="6144">

    
    <TextRegion id="eSc_textblock_4c5e7f78"  custom="structure {type:text;}">
      <Coords points="2003,791 2740,846 2809,928 2781,1088 2853,1174 3259,1256 3273,1443 3205,1580 2908,1621 2836,1747 2822,2263 3287,2348 3372,2471 3532,2471 3587,2536 3372,2508 3368,2563 3287,2580 3287,2672 2990,2740 2959,2822 3000,2850 2863,2891 3191,2976 3205,3041 3054,3126 3082,3246 3273,3235 3287,3300 3218,3328 3300,3358 3345,3481 3601,3495 3710,3590 3723,3682 3519,3904 3478,4174 3426,4051 3328,4201 2976,4215 2771,4283 2536,4625 1993,4679 1894,4761 1703,4788 914,4761 887,1201 928,1133 1716,1092 1788,1020 1815,860 2003,791"/>
      
      
      <TextLine id="eSc_line_2e152cff" custom="structure {type:default;}">
        <Coords points="2751,866 2495,866 2324,826 2321,826 2170,843 2136,826 2133,826 2129,826 2003,846 1914,829 1911,829 1908,829 1815,870 1819,962 1822,1013 1870,996 1925,1010 1983,1027 1986,1027 1989,1027 1993,1027 1996,1027 2017,1010 2034,996 2099,1006 2208,1024 2211,1024 2413,1006 2440,1024 2443,1024 2447,1024 2450,1024 2454,1024 2542,993 2560,989 2768,989 2771,952 2764,884 2751,866"/>
        <Baseline points="1819,962 2771,952"/>
        <TextEquiv>
          <Unicode>Fauſt. Mephiſtopheles.</Unicode>
        </TextEquiv>
      </TextLine>

      
      
      <TextLine id="eSc_line_bcb621a6" custom="structure {type:default;}">
        <Coords points="2126,1140 2126,1184 2310,1184 2310,1181 2314,1181 2317,1181 2338,1163 2416,1177 2420,1133 2406,983 2344,1010 2331,1003 2307,986 2304,986 2300,986 2297,986 2293,986 2290,986 2232,1030 2187,1064 2123,1064 2126,1140"/>
        <Baseline points="2126,1140 2420,1133"/>
        <TextEquiv>
          <Unicode>Fauſt</Unicode>
        </TextEquiv>
      </TextLine>

      
      
      <TextLine id="eSc_line_7ce66021" custom="structure {type:default;}">
        <Coords points="897,1170 901,1269 901,1307 1030,1314 1034,1314 1037,1314 1041,1314 1041,1310 1044,1307 1078,1280 1331,1280 1392,1307 1399,1310 1402,1310 1406,1310 1409,1310 1419,1307 1495,1276 1665,1307 1696,1310 1699,1310 1768,1307 1938,1293 2109,1303 2153,1307 2157,1307 2160,1307 2167,1303 2245,1273 2327,1303 2338,1307 2341,1307 2344,1307 2348,1307 2362,1303 2491,1269 2522,1297 2525,1297 2529,1297 2532,1297 2536,1297 2641,1269 2696,1303 2710,1245 2706,1153 2618,1133 2614,1133 2611,1133 2607,1133 2577,1153 2560,1163 2539,1153 2498,1126 2495,1126 2491,1126 2488,1126 2484,1126 2481,1126 2481,1129 2457,1153 2440,1170 2392,1153 2375,1146 2372,1146 2368,1146 2365,1146 2362,1146 2355,1153 2331,1174 2273,1174 2256,1153 2245,1146 2245,1143 2242,1143 2239,1143 2235,1143 2232,1143 2228,1143 2215,1153 2184,1170 2133,1153 2123,1150 2119,1150 2116,1150 2112,1150 2106,1153 2085,1163 2075,1153 2048,1129 2044,1129 2041,1129 1979,1129 1976,1129 1972,1129 1928,1153 1911,1163 1897,1153 1867,1133 1863,1133 1860,1133 1856,1133 1757,1153 1754,1153 1751,1153 1672,1133 1669,1133 1665,1133 1662,1133 1658,1133 1658,1136 1638,1153 1631,1163 1570,1163 1556,1153 1525,1133 1522,1133 1518,1133 1430,1133 1426,1133 1423,1133 1368,1153 1307,1181 1047,1181 1017,1157 996,1140 993,1140 989,1140 986,1140 983,1140 979,1140 959,1157 945,1163 907,1157 897,1170"/>
        <Baseline points="901,1269 1419,1245 2710,1245"/>
        <TextEquiv>
          <Unicode>Wie von dem Fenſter dort der Sakriſtey</Unicode>
        </TextEquiv>
      </TextLine>

      
      
      <TextLine id="eSc_line_e449ac26" custom="structure {type:default;}">
        <Coords points="914,1372 914,1413 1075,1392 1102,1413 1105,1413 1109,1413 1112,1416 1204,1416 1204,1413 1208,1413 1215,1409 1262,1389 1423,1409 1447,1409 1450,1409 1467,1406 1580,1385 1720,1385 1757,1402 1764,1406 1768,1406 1771,1406 1805,1402 1966,1382 2030,1399 2041,1402 2044,1402 2048,1402 2078,1399 2194,1382 2228,1396 2235,1399 2239,1399 2242,1399 2245,1399 2252,1396 2293,1382 2447,1396 2519,1399 2522,1399 2556,1392 2638,1375 2706,1392 2713,1392 2717,1392 2720,1392 3252,1382 3252,1348 3239,1276 3150,1300 2877,1280 2850,1280 2846,1280 2843,1280 2839,1280 2792,1303 2768,1283 2768,1280 2764,1280 2761,1280 2587,1280 2583,1280 2580,1280 2577,1280 2573,1283 2542,1310 2341,1310 2310,1290 2310,1286 2307,1286 2304,1286 2300,1286 2280,1290 2157,1310 2030,1293 1979,1286 1976,1286 1972,1286 1952,1293 1901,1314 1836,1297 1832,1297 1829,1297 1826,1297 1576,1317 1409,1300 1317,1293 1314,1293 1140,1297 1136,1297 1112,1307 1075,1320 911,1310 914,1372"/>
        <Baseline points="914,1372 3252,1348"/>
        <TextEquiv>
          <Unicode>Der Schein der ewgen Lampe aufwärts flämmert,</Unicode>
        </TextEquiv>
      </TextLine>

      
      
      <TextLine id="eSc_line_5e07cc45" custom="structure {type:default;}">
        <Coords points="907,1484 907,1515 1017,1522 1020,1522 1024,1522 1037,1518 1078,1501 1095,1518 1099,1522 1102,1522 1105,1522 1109,1525 1215,1525 1215,1522 1218,1522 1221,1522 1225,1518 1249,1501 1378,1501 1399,1518 1402,1522 1406,1522 1409,1522 1413,1525 1495,1525 1495,1522 1532,1518 1638,1501 1658,1518 1662,1518 1665,1518 1669,1518 1679,1518 1761,1501 1843,1518 1870,1522 1873,1522 1914,1518 2051,1501 2174,1518 2208,1522 2211,1522 2245,1518 2372,1501 2488,1518 2515,1522 2519,1522 2542,1518 2655,1498 2676,1515 2679,1515 2682,1515 2938,1518 2996,1518 3000,1518 3003,1518 3051,1501 3133,1518 3136,1477 3133,1399 3112,1382 3109,1382 3106,1382 3102,1382 3099,1382 3034,1409 3017,1416 2904,1416 2877,1409 2754,1382 2751,1382 2747,1382 2693,1409 2689,1409 2686,1409 2607,1382 2604,1382 2600,1382 2413,1402 2362,1385 2358,1385 2355,1385 2351,1385 2307,1409 2304,1413 2205,1413 2198,1409 2164,1385 2160,1385 2157,1385 2085,1385 2082,1385 2078,1385 2075,1385 2044,1413 2037,1416 2013,1413 1918,1389 1914,1389 1911,1389 1822,1413 1802,1416 1785,1413 1682,1385 1679,1385 1675,1385 1672,1385 1669,1385 1669,1389 1641,1413 1634,1419 1491,1419 1481,1413 1419,1385 1416,1385 1413,1385 1409,1385 1358,1413 1348,1419 1290,1419 1286,1413 1256,1389 1256,1385 1252,1385 1249,1385 1245,1385 1242,1385 1170,1402 1099,1385 1095,1385 1092,1385 1088,1385 1085,1385 1051,1413 1051,1416 1047,1413 1006,1396 1003,1396 1000,1396 904,1413 907,1484"/>
        <Baseline points="907,1484 1897,1471 3136,1477"/>
        <TextEquiv>
          <Unicode>Und ſchwach, und ſchwächer ſeitwärts dämmert,</Unicode>
        </TextEquiv>
      </TextLine>

      
      
      <TextLine id="eSc_line_d5f8c29b" custom="structure {type:default;}">
        <Coords points="914,1600 911,1638 1044,1638 1044,1634 1047,1634 1051,1634 1082,1611 1129,1634 1133,1634 1136,1634 1146,1634 1307,1614 1355,1634 1358,1634 1361,1634 1365,1638 1365,1634 1368,1634 1372,1634 1419,1614 1679,1614 1713,1631 1720,1638 1723,1638 1727,1638 1730,1641 1945,1641 1945,1638 1949,1638 1952,1638 1959,1631 1986,1614 2116,1631 2191,1638 2194,1641 2263,1641 2263,1638 2266,1638 2269,1638 2280,1628 2297,1614 2331,1628 2355,1638 2358,1638 2362,1641 2461,1641 2461,1638 2464,1638 2467,1638 2481,1628 2498,1614 2563,1628 2618,1638 2621,1638 2792,1624 2795,1597 2792,1522 2611,1491 2607,1491 2604,1491 2600,1491 2556,1522 2542,1532 2420,1532 2399,1522 2331,1495 2327,1495 2324,1495 2321,1495 2317,1495 2276,1522 2263,1532 2051,1532 2044,1522 2013,1495 2013,1491 2010,1491 2007,1491 2003,1491 1843,1518 1815,1495 1815,1491 1812,1491 1809,1491 1652,1491 1648,1491 1645,1491 1641,1491 1594,1525 1583,1532 1467,1532 1457,1525 1406,1491 1402,1491 1399,1491 1396,1491 1392,1491 1297,1515 1228,1488 1225,1488 1221,1488 1218,1488 1215,1488 1215,1491 1184,1518 1102,1491 1099,1491 1095,1491 1092,1491 1088,1491 1037,1525 1037,1529 914,1529 914,1600"/>
        <Baseline points="914,1600 1525,1587 2795,1597"/>
        <TextEquiv>
          <Unicode>Und Finſterniſſ drängt rings um bey;</Unicode>
        </TextEquiv>
      </TextLine>

      
      
      <TextLine id="eSc_line_23b23d0e" custom="structure {type:default;}">
        <Coords points="921,1720 925,1771 979,1751 1034,1768 1044,1771 1047,1771 1051,1771 1054,1771 1058,1771 1061,1768 1082,1751 1160,1764 1163,1764 1167,1764 1170,1764 1218,1740 1300,1757 1303,1757 1512,1737 1594,1754 1658,1764 1662,1764 1665,1764 1669,1764 1669,1761 1682,1751 1699,1733 1819,1733 1897,1744 2020,1761 2024,1761 2027,1761 2095,1737 2123,1730 2129,1737 2143,1751 2146,1751 2150,1751 2153,1751 2157,1751 2218,1733 2239,1730 2249,1733 2293,1754 2297,1754 2300,1757 2587,1757 2587,1754 2590,1754 2699,1720 2699,1699 2686,1628 2648,1638 2635,1628 2618,1611 2618,1607 2614,1607 2611,1607 2505,1607 2501,1607 2498,1607 2495,1607 2471,1628 2443,1648 2406,1648 2382,1628 2375,1621 2372,1621 2368,1621 2365,1621 2362,1621 2344,1628 2317,1638 2286,1628 2259,1617 2256,1617 2252,1617 2249,1617 2225,1628 2181,1648 2164,1628 2146,1614 2146,1611 2143,1611 2140,1611 2102,1611 2099,1611 2000,1614 1996,1614 1993,1614 1993,1617 1979,1628 1952,1655 1863,1655 1829,1628 1812,1614 1809,1614 1805,1614 1802,1614 1713,1624 1710,1624 1706,1624 1703,1628 1669,1655 1628,1628 1611,1617 1607,1617 1604,1617 1600,1617 1597,1617 1570,1628 1501,1662 1327,1662 1286,1628 1280,1621 1276,1621 1273,1621 1215,1621 1211,1621 1208,1621 1204,1621 1194,1628 1143,1665 1034,1665 996,1628 993,1628 993,1624 989,1624 986,1624 983,1624 918,1628 921,1720"/>
        <Baseline points="921,1720 2699,1699"/>
        <TextEquiv>
          <Unicode>So ſiehts in dieſen Buſen mächtig.</Unicode>
        </TextEquiv>
      </TextLine>

      
      
      <TextLine id="eSc_line_9bc7956e" custom="structure {type:default;}">
        <Coords points="2129,1848 2129,1904 2406,1914 2416,1843 2406,1710 2124,1710 2129,1848"/>
        <Baseline points="2130,1850 2417,1846"/>
        <TextEquiv>
          <Unicode>Meph:</Unicode>
        </TextEquiv>
      </TextLine>

      
      
      <TextLine id="eSc_line_c13d642b" custom="structure {type:default;}">
        <Coords points="907,1993 1119,1993 1133,1996 1167,2020 1170,2020 1174,2020 1177,2020 1378,2003 1484,1993 1785,1993 1853,2010 1880,2013 1884,2013 1908,2010 1955,2000 1979,2010 2003,2020 2007,2020 2010,2024 2143,2024 2143,2020 2146,2020 2150,2020 2150,2017 2157,2013 2181,1993 2259,1993 2290,2013 2293,2020 2297,2020 2300,2020 2304,2024 2457,2024 2457,2020 2461,2020 2464,2020 2467,2017 2488,2000 2597,2020 2611,2020 2614,2020 2618,2020 2621,2020 2665,2000 2682,2017 2682,2020 2686,2020 2689,2020 2693,2024 2775,2024 2775,1966 2771,1860 2590,1890 2519,1860 2515,1860 2512,1860 2365,1897 2245,1897 2222,1873 2218,1873 2215,1873 2054,1860 2048,1860 2044,1860 2041,1860 2037,1860 1996,1894 1945,1894 1890,1860 1887,1860 1884,1860 1815,1860 1812,1860 1809,1860 1805,1860 1754,1894 1706,1867 1703,1867 1699,1867 1536,1894 1491,1860 1488,1860 1484,1860 1481,1860 1477,1860 1474,1860 1430,1897 1324,1897 1146,1860 1143,1860 1140,1860 1133,1860 976,1887 911,1860 907,1966 907,1993"/>
        <Baseline points="907,1966 2775,1966"/>
        <TextEquiv>
          <Unicode>Und mir iſts wie den Käzlein ſchmächtig</Unicode>
        </TextEquiv>
      </TextLine>

      
      
      <TextLine id="eSc_line_e5ab5acd" custom="structure {type:default;}">
        <Coords points="916,2083 916,2140 1003,2145 1008,2145 1013,2145 1018,2145 1018,2140 1049,2114 1925,2135 1930,2135 1935,2135 2037,2109 2094,2140 2099,2140 2104,2140 2109,2140 2529,2135 2534,2088 2529,1976 911,1976 916,2083"/>
        <Baseline points="918,2085 2464,2078 2536,2091"/>
        <TextEquiv>
          <Unicode>Das an den Feuerleitern ſchleicht,</Unicode>
        </TextEquiv>
      </TextLine>

      
      
      <TextLine id="eSc_line_2c1e98a9" custom="structure {type:default;}">
        <Coords points="921,2215 921,2259 1679,2225 1911,2242 1914,2242 2010,2222 2140,2245 2157,2245 2160,2245 2164,2245 2167,2245 2205,2218 2314,2242 2324,2242 2327,2242 2519,2239 2522,2239 2577,2218 2686,2235 2689,2191 2686,2143 2604,2102 2600,2102 2597,2102 2594,2102 2467,2133 2348,2106 2344,2106 2341,2106 2338,2106 2338,2109 2297,2146 1962,2146 1918,2112 1914,2112 1911,2112 1908,2112 1904,2112 1839,2133 1699,2112 1696,2112 1693,2112 1614,2150 1607,2153 1600,2150 1546,2133 1542,2133 1539,2133 1536,2133 1532,2133 1505,2153 1484,2153 1273,2157 1269,2153 1239,2129 1239,2126 1235,2126 1232,2126 1228,2126 1225,2126 1167,2150 1099,2123 1095,2123 942,2123 938,2123 935,2123 931,2123 931,2126 928,2126 918,2136 921,2215"/>
        <Baseline points="921,2215 2689,2191"/>
        <TextEquiv>
          <Unicode>Sich leis ſo an die Mauern ſtreicht.</Unicode>
        </TextEquiv>
      </TextLine>

      
      
      <TextLine id="eSc_line_39253e1a" custom="structure {type:default;}">
        <Coords points="931,2341 931,2379 1095,2382 1099,2382 1102,2382 1119,2375 1153,2358 1317,2368 1440,2375 1443,2375 1518,2362 1559,2355 1570,2362 1587,2372 1590,2372 1594,2372 1597,2372 1600,2372 1604,2372 1604,2368 1617,2358 1631,2348 1679,2358 1747,2368 1751,2368 1884,2351 1942,2344 2020,2348 2300,2358 2304,2358 2478,2331 2478,2310 2467,2249 2416,2252 2402,2249 2314,2215 2310,2215 2307,2215 2119,2245 2088,2222 2085,2222 2082,2222 2003,2222 2000,2222 1996,2222 1993,2222 1945,2252 1928,2263 1894,2252 1792,2225 1788,2225 1785,2225 1781,2225 1662,2256 1607,2273 1341,2273 1310,2259 1300,2256 1297,2256 1293,2256 1290,2256 1286,2256 1283,2259 1262,2280 1102,2280 1064,2263 1010,2242 1006,2242 1003,2242 1000,2242 928,2263 931,2341"/>
        <Baseline points="931,2341 2478,2310"/>
        <TextEquiv>
          <Unicode>Wär mir ganz tugendlich dabey,</Unicode>
        </TextEquiv>
      </TextLine>

      
      
      <TextLine id="eSc_line_71cc09fc" custom="structure {type:default;}">
        <Coords points="914,2461 914,2515 1041,2515 1041,2512 1044,2512 1047,2512 1047,2508 1085,2484 1184,2505 1201,2508 1204,2508 1368,2505 1372,2505 1389,2501 1495,2471 1662,2495 1682,2495 1686,2495 1703,2491 1826,2467 1989,2484 2000,2484 2003,2484 2007,2484 2010,2484 2085,2461 2242,2478 2252,2478 2256,2478 2263,2478 2348,2457 2402,2474 2443,2488 2447,2488 2450,2488 2454,2488 2457,2488 2481,2471 2501,2461 2631,2467 2747,2474 2751,2474 2754,2474 2775,2464 2792,2457 2802,2464 2833,2478 2836,2478 2839,2478 2843,2478 2887,2461 2908,2454 2983,2457 3147,2471 3150,2471 3242,2450 3242,2420 3235,2355 2682,2321 2679,2321 2676,2321 2587,2351 2542,2324 2539,2324 2536,2324 2532,2324 2293,2327 2290,2327 2208,2368 2208,2372 2198,2372 2085,2372 2017,2334 2013,2334 1880,2334 1877,2334 1873,2334 1764,2365 1733,2338 1730,2338 1727,2338 1723,2338 1720,2338 1662,2358 1617,2341 1614,2341 1611,2341 1607,2341 1604,2341 1553,2382 1549,2382 1484,2385 1396,2385 1392,2382 1320,2344 1317,2344 1314,2344 1095,2389 1088,2389 1034,2351 1030,2351 1027,2351 1024,2351 1020,2351 911,2389 914,2461"/>
        <Baseline points="914,2461 3242,2420"/>
        <TextEquiv>
          <Unicode>Ein biſſgen Diebsgelüſt ein biſſgen Rammeley.</Unicode>
        </TextEquiv>
      </TextLine>

      
      
      <TextLine id="eSc_line_d011cdad" custom="structure {type:default;}">
        <Coords points="1479,2452 1474,2452 1469,2452 1392,2503 1116,2503 1018,2462 1013,2462 1008,2462 1003,2462 921,2503 926,2585 926,2631 1484,2641 1489,2641 1495,2641 1556,2621 1582,2606 1802,2600 1817,2611 1827,2621 1827,2626 1832,2626 1838,2626 1843,2626 1955,2611 2053,2595 2124,2606 2247,2626 2252,2626 2257,2626 2314,2600 2334,2590 2350,2600 2370,2616 2375,2616 2380,2616 2385,2616 2391,2616 2426,2600 2447,2590 2560,2595 2882,2616 2887,2616 3143,2580 3143,2554 3138,2467 3010,2426 3005,2426 3000,2426 2764,2472 2595,2472 2565,2442 2565,2437 2560,2437 2554,2437 2549,2437 1935,2447 1930,2447 1925,2447 1925,2452 1884,2488 1756,2498 1689,2498 1648,2457 1648,2452 1643,2452 1638,2452 1633,2452 1628,2452 1530,2483 1495,2452 1489,2452 1484,2452 1479,2452"/>
        <Baseline points="931,2590 2437,2553 3145,2557"/>
        <TextEquiv>
          <Unicode>Nun friſch dann zu! das iſt ein Jammer</Unicode>
        </TextEquiv>
      </TextLine>

      
      
      <TextLine id="eSc_line_d9e8fe53" custom="structure {type:default;}">
        <Coords points="935,2713 935,2778 1215,2771 1218,2771 1221,2771 1225,2768 1269,2734 1443,2757 1508,2764 1512,2764 1515,2764 1518,2764 1532,2754 1570,2723 1836,2720 1918,2737 1972,2747 1976,2747 1979,2747 2017,2734 2044,2720 2058,2730 2068,2740 2071,2740 2075,2740 2078,2740 2181,2723 2276,2710 2310,2720 2358,2734 2362,2734 2365,2734 2474,2713 2542,2730 2546,2730 2549,2730 2720,2699 2723,2672 2717,2618 2423,2580 2420,2580 2416,2580 2413,2580 2355,2618 2344,2621 2338,2618 2286,2590 2283,2590 2280,2590 2276,2590 2187,2618 2157,2624 2143,2618 2119,2597 2116,2597 2112,2597 1976,2590 1972,2590 1809,2618 1669,2638 1604,2638 1583,2618 1570,2604 1570,2600 1566,2600 1563,2600 1559,2600 1556,2600 1553,2600 1532,2618 1495,2641 1372,2645 1317,2618 1300,2607 1297,2607 1293,2607 1290,2607 1262,2618 1170,2648 931,2618 935,2713"/>
        <Baseline points="935,2713 2723,2672"/>
        <TextEquiv>
          <Unicode>Ihr geht nach eures Liebgens Kammer</Unicode>
        </TextEquiv>
      </TextLine>

      
      
      <TextLine id="eSc_line_a4bdace2" custom="structure {type:default;}">
        <Coords points="918,2856 918,2884 1034,2904 1037,2904 1041,2904 1092,2880 1109,2870 1126,2880 1167,2901 1170,2901 1174,2901 1338,2897 1341,2897 1344,2897 1378,2870 1382,2870 1389,2870 1471,2894 1474,2894 1477,2894 1481,2894 1556,2867 1576,2856 1983,2850 1993,2853 2027,2880 2030,2880 2034,2880 2037,2880 2041,2880 2044,2880 2085,2853 2126,2870 2129,2870 2133,2870 2136,2870 2198,2846 2211,2843 2222,2846 2252,2860 2256,2860 2259,2860 2263,2860 2327,2843 2327,2822 2321,2744 2170,2730 2167,2730 2164,2730 2112,2751 2068,2768 1744,2775 1652,2764 1491,2747 1488,2747 1484,2747 1481,2747 1454,2771 1433,2754 1433,2751 1430,2751 1426,2751 1348,2751 1344,2751 1341,2751 1338,2751 1310,2771 1211,2757 1208,2757 1204,2757 1146,2781 1143,2781 1047,2768 1044,2768 965,2785 942,2764 938,2764 935,2764 931,2764 928,2764 925,2764 925,2768 914,2775 918,2856"/>
        <Baseline points="918,2856 2327,2822"/>
        <TextEquiv>
          <Unicode>Als gingt ihr in den Todt.</Unicode>
        </TextEquiv>
      </TextLine>

      
      
      <TextLine id="eSc_line_963706ed" custom="structure {type:default;}">
        <Coords points="2174,2942 2174,2983 2461,2966 2461,2942 2457,2822 2174,2839 2174,2942"/>
        <Baseline points="2174,2942 2461,2942"/>
        <TextEquiv>
          <Unicode>Fauſt</Unicode>
        </TextEquiv>
      </TextLine>

      
      
      <TextLine id="eSc_line_1d4f9629" custom="structure {type:default;}">
        <Coords points="931,3075 931,3116 1119,3099 1150,3112 1167,3119 1170,3119 1174,3119 1177,3119 1181,3119 1187,3112 1204,3095 1382,3092 1443,3106 1498,3116 1501,3116 1505,3116 1539,3102 1580,3089 1638,3099 1669,3106 1672,3106 1675,3106 1703,3099 1757,3085 1812,3095 1880,3109 1884,3109 1887,3109 1925,3092 1955,3078 2088,3078 2215,3085 2402,3099 2406,3099 2409,3099 2447,3082 2467,3072 2546,3078 2635,3085 2638,3085 2641,3085 2645,3085 2645,3082 2648,3082 2652,3075 2658,3068 2727,3075 2904,3089 2908,3089 3027,3065 3027,3037 3020,2962 2809,2932 2805,2932 2638,2966 2635,2969 2570,2969 2519,2969 2488,2945 2484,2945 2481,2945 2478,2945 2276,2969 2085,2938 2082,2938 1887,2942 1884,2942 1798,2979 1754,2945 1751,2945 1747,2945 1693,2945 1689,2945 1549,2955 1546,2955 1542,2955 1542,2959 1518,2979 1471,2952 1467,2952 1464,2952 1460,2952 1457,2952 1375,2973 1314,2952 1310,2952 1307,2952 1303,2952 1228,2986 1221,2990 1215,2986 1136,2962 1133,2962 1129,2962 1126,2962 1122,2962 1122,2966 1119,2966 1105,2983 1006,2966 1003,2966 1000,2966 928,2986 931,3075"/>
        <Baseline points="931,3075 3027,3037"/>
        <TextEquiv>
          <Unicode>Was iſt die Him̄els Freud in ihren Armen</Unicode>
        </TextEquiv>
      </TextLine>

      
      
      <TextLine id="eSc_line_7667c7ad" custom="structure {type:default;}">
        <Coords points="931,3198 931,3239 1024,3229 1061,3235 1095,3246 1099,3246 1102,3246 1105,3246 1109,3246 1126,3235 1146,3222 1252,3232 1338,3239 1341,3239 1344,3239 1348,3239 1361,3229 1382,3215 1491,3225 1614,3235 1617,3235 1621,3235 1624,3235 1624,3232 1638,3222 1655,3208 1754,3218 1843,3225 1846,3225 1938,3211 2020,3201 2259,3201 2266,3205 2310,3222 2314,3222 2317,3222 2426,3198 2447,3194 2461,3198 2532,3218 2536,3218 2539,3218 2542,3218 2546,3218 2546,3215 2570,3194 2573,3191 2614,3194 2850,3211 2853,3211 2856,3211 2918,3184 2918,3160 2911,3072 2805,3065 2802,3065 2798,3065 2778,3075 2713,3109 2577,3109 2508,3082 2481,3072 2478,3072 2474,3072 2471,3072 2447,3082 2396,3109 2314,3109 2286,3089 2273,3075 2269,3075 2266,3075 2263,3075 2259,3075 2235,3089 2181,3119 1918,3119 1860,3099 1822,3085 1819,3085 1655,3085 1652,3085 1648,3085 1607,3106 1566,3126 1508,3109 1454,3092 1450,3092 1447,3092 1232,3095 1228,3095 1225,3095 1225,3099 1204,3116 1187,3136 1116,3136 1088,3119 1047,3099 1044,3099 1041,3099 928,3123 931,3198"/>
        <Baseline points="931,3198 2918,3160"/>
        <TextEquiv>
          <Unicode>Das durch erſchüttern durcherwarmen?</Unicode>
        </TextEquiv>
      </TextLine>

      
      
      <TextLine id="eSc_line_e01146e9" custom="structure {type:default;}">
        <Coords points="914,3334 914,3365 1024,3375 1027,3375 1030,3375 1071,3362 1133,3345 1160,3362 1170,3368 1174,3368 1177,3368 1181,3372 1344,3372 1344,3368 1348,3368 1351,3368 1368,3355 1402,3334 1638,3334 1710,3348 1768,3358 1771,3358 1774,3358 1778,3358 1792,3345 1812,3328 1877,3328 1918,3341 1952,3355 1955,3355 1959,3355 1962,3355 2024,3341 2088,3324 2239,3334 2382,3345 2385,3345 2389,3345 2392,3345 2409,3331 2416,3324 2426,3331 2440,3341 2440,3345 2443,3345 2447,3345 2450,3345 2454,3345 2491,3328 2522,3314 2532,3328 2546,3338 2546,3341 2549,3341 2553,3341 2556,3341 2560,3341 2563,3341 2583,3328 2587,3321 2594,3328 2611,3341 2614,3341 2618,3341 2621,3341 2624,3341 2658,3324 2658,3293 2652,3235 2577,3235 2529,3191 2525,3191 2522,3191 2519,3191 2515,3191 2512,3191 2457,3235 2375,3208 2372,3208 2368,3208 2365,3208 2280,3242 2215,3242 2167,3198 2164,3198 2160,3198 2058,3198 2054,3198 1870,3218 1723,3205 1720,3205 1716,3205 1713,3205 1672,3242 1624,3208 1621,3208 1617,3208 1614,3208 1611,3208 1607,3208 1542,3256 1474,3211 1471,3211 1467,3211 1464,3211 1460,3211 1348,3259 1344,3263 1256,3263 1252,3263 1187,3218 1184,3218 1181,3218 1177,3218 1174,3218 1170,3218 1170,3222 1126,3263 996,3235 993,3235 989,3235 986,3235 986,3239 955,3266 955,3269 911,3269 914,3334"/>
        <Baseline points="914,3334 1617,3307 2658,3293"/>
        <TextEquiv>
          <Unicode>Verdrängt es dieſe Seelen Noth.</Unicode>
        </TextEquiv>
      </TextLine>

      
      
      <TextLine id="eSc_line_f84676be" custom="structure {type:default;}">
        <Coords points="921,3478 921,3525 1003,3525 1006,3525 1010,3525 1058,3491 1320,3515 1392,3519 1396,3519 1399,3519 1402,3519 1416,3508 1467,3481 1553,3481 1600,3502 1624,3512 1628,3512 1631,3512 1634,3512 1675,3498 1754,3474 1949,3488 2106,3498 2109,3498 2112,3498 2174,3478 2228,3461 2273,3474 2286,3478 2290,3478 2293,3478 2297,3478 2317,3471 2382,3454 2406,3467 2423,3481 2426,3481 2430,3481 2433,3481 2437,3481 2440,3481 2461,3467 2488,3450 2573,3461 2597,3464 2600,3464 3051,3440 3051,3416 3044,3314 2942,3297 2938,3297 2935,3297 2860,3321 2771,3348 2744,3324 2727,3310 2723,3310 2720,3310 2717,3310 2713,3310 2710,3310 2710,3314 2693,3328 2665,3355 2461,3358 2269,3345 2187,3341 2160,3317 2157,3317 2153,3317 2150,3317 2146,3317 2075,3348 2048,3324 2048,3321 2044,3321 2041,3321 2037,3321 2034,3321 1996,3338 1781,3328 1778,3328 1774,3328 1771,3328 1744,3348 1631,3331 1628,3331 1419,3382 1389,3392 1297,3392 1293,3389 1249,3348 1245,3348 1242,3348 1239,3348 1235,3348 1153,3382 1047,3351 1044,3351 1041,3351 1037,3351 1034,3351 972,3403 914,3403 921,3478"/>
        <Baseline points="921,3478 1976,3437 3051,3416"/>
        <TextEquiv>
          <Unicode>Ha bin ich nicht der Flüchtling, Unbehauste</Unicode>
        </TextEquiv>
      </TextLine>

      
      
      <TextLine id="eSc_line_e48ca697" custom="structure {type:default;}">
        <Coords points="925,3604 925,3624 1467,3631 1471,3631 1553,3618 1624,3604 1658,3614 1686,3624 1689,3624 1693,3624 1740,3614 1805,3601 1942,3611 2024,3618 2027,3618 2030,3618 2034,3618 2041,3611 2061,3594 2082,3611 2085,3614 2088,3614 2092,3614 2095,3614 2099,3614 2102,3614 2102,3611 2106,3611 2119,3590 2187,3590 2402,3604 2457,3607 2461,3607 2488,3604 2577,3587 2672,3601 2679,3601 2682,3601 2686,3601 2689,3601 2689,3597 2710,3580 2833,3597 2836,3556 2833,3485 2778,3450 2775,3450 2771,3450 2768,3450 2631,3454 2628,3454 2570,3478 2553,3461 2553,3457 2549,3457 2546,3457 2474,3457 2471,3457 2467,3457 2464,3457 2413,3502 2409,3505 2256,3505 2252,3505 2198,3467 2194,3467 2191,3467 2187,3467 2184,3467 2181,3467 2116,3508 2112,3512 2037,3512 2034,3512 1976,3471 1972,3471 1969,3471 1966,3471 1962,3471 1856,3515 1771,3474 1768,3474 1764,3474 1682,3478 1679,3478 1675,3478 1614,3519 1566,3491 1563,3491 1559,3491 1556,3491 1477,3525 1372,3529 1338,3529 1327,3529 1157,3525 1068,3491 1064,3491 1061,3491 1058,3491 921,3539 925,3604"/>
        <Baseline points="925,3604 1819,3570 2836,3556"/>
        <TextEquiv>
          <Unicode>Der Unmenſch ohne Zweck und Ruh</Unicode>
        </TextEquiv>
      </TextLine>

      
      
      <TextLine id="eSc_line_4570c563" custom="structure {type:default;}">
        <Coords points="3679,3570 3621,3594 3580,3573 3563,3563 3560,3563 3556,3563 3553,3563 3522,3573 3495,3584 3454,3577 3392,3566 3389,3566 3386,3566 3355,3580 3304,3604 3249,3584 3198,3566 3194,3566 3191,3566 3188,3566 3184,3566 3157,3587 3143,3597 3130,3587 3095,3560 3092,3560 3089,3560 3085,3560 3082,3560 2996,3590 2904,3573 2901,3573 2897,3573 2894,3573 2863,3597 2795,3570 2792,3570 2788,3570 2785,3570 2706,3601 2597,3573 2594,3573 2590,3573 2587,3573 2512,3607 2467,3628 2406,3611 2385,3607 2382,3607 2379,3607 2375,3607 2372,3607 2365,3614 2334,3631 2181,3624 2174,3621 2129,3590 2126,3590 2123,3590 2119,3590 1962,3611 1938,3594 1935,3594 1931,3594 1928,3594 1757,3597 1682,3611 1679,3611 1675,3611 1641,3638 1621,3655 1280,3665 1160,3665 1140,3655 1054,3618 1051,3618 1047,3618 986,3621 983,3621 979,3621 925,3652 931,3747 931,3771 1170,3768 1187,3768 1273,3785 1276,3785 1280,3785 1283,3785 1303,3764 1307,3764 1324,3764 1440,3778 1443,3778 1447,3778 1491,3761 1495,3761 1498,3761 1641,3785 1645,3785 1839,3754 1887,3775 1890,3775 1894,3775 1897,3775 1986,3747 2013,3741 2085,3744 2355,3764 2358,3764 2488,3734 2505,3730 2519,3734 2566,3744 2570,3744 2573,3744 2829,3723 2976,3713 2993,3720 3037,3741 3041,3741 3044,3741 3048,3741 3051,3741 3089,3717 3095,3713 3106,3717 3143,3730 3147,3730 3150,3730 3153,3730 3222,3713 3225,3713 3229,3713 3304,3737 3307,3737 3310,3737 3638,3727 3642,3727 3696,3700 3696,3669 3682,3570 3679,3570"/>
        <Baseline points="931,3747 2362,3696 3696,3669"/>
        <TextEquiv>
          <Unicode>Der wie ein Waſſerſturz von Fels zu Felſen brauste</Unicode>
        </TextEquiv>
      </TextLine>

      
      
      <TextLine id="eSc_line_82efc046" custom="structure {type:default;}">
        <Coords points="926,3880 926,3906 1090,3942 1095,3942 1100,3942 1187,3906 1295,3937 1300,3937 1305,3937 1310,3937 1315,3937 1315,3932 1351,3901 1413,3927 1418,3927 1423,3927 1428,3927 1536,3896 1566,3921 1566,3927 1571,3927 1576,3927 1582,3927 1740,3921 1745,3921 1751,3921 1797,3891 2001,3916 2007,3916 2012,3916 2083,3875 2304,3875 2391,3906 2396,3906 2401,3906 2734,3865 2826,3896 2831,3896 2836,3896 3031,3850 3031,3824 3015,3706 2647,3712 2641,3712 2636,3712 2621,3722 2580,3747 2524,3727 2483,3717 2478,3717 2472,3717 2467,3717 2421,3732 2365,3752 2268,3742 2150,3727 2145,3727 2140,3727 2099,3747 2053,3773 1812,3763 1653,3758 1648,3758 1264,3788 1208,3793 1192,3793 1013,3768 1008,3768 1003,3768 921,3799 926,3880"/>
        <Baseline points="931,3884 3036,3829"/>
        <TextEquiv>
          <Unicode>Begierig wüthend nach dem Abgrund zu</Unicode>
        </TextEquiv>
      </TextLine>

      
      
      <TextLine id="eSc_line_4bdcc07c" custom="structure {type:default;}">
        <Coords points="928,4017 928,4068 1095,4068 1095,4065 1099,4065 1109,4061 1136,4044 1157,4058 1170,4068 1174,4068 1177,4068 1181,4068 1276,4055 1419,4034 1450,4048 1457,4051 1460,4051 1464,4051 1467,4051 1477,4048 1536,4031 1559,4044 1587,4065 1590,4065 1594,4065 1597,4068 1675,4068 1675,4065 1679,4065 1730,4041 1771,4017 2048,4014 2225,4020 2228,4024 2269,4051 2273,4051 2276,4051 2280,4051 2577,4044 2751,4007 2802,3997 2826,4003 2850,4014 2853,4014 2856,4014 2860,4014 2863,4014 2880,4003 2897,3993 3072,3997 3147,3997 3184,4024 3188,4024 3191,4024 3194,4024 3198,4024 3334,3986 3334,3973 3328,3894 3246,3894 3242,3894 3201,3857 3198,3857 3194,3857 3191,3857 3188,3857 3160,3870 3024,3853 3020,3853 3017,3853 3013,3853 2952,3901 2949,3904 2826,3904 2822,3904 2723,3860 2720,3860 2717,3860 2525,3880 2181,3874 2177,3874 2174,3874 2109,3908 2082,3894 2078,3894 2075,3894 2071,3894 1996,3921 1993,3925 1815,3932 1713,3932 1710,3928 1652,3887 1648,3887 1645,3887 1641,3887 1638,3887 1634,3887 1573,3932 1570,3935 1512,3938 1433,3938 1430,3935 1378,3891 1375,3891 1372,3891 1368,3891 1365,3891 1293,3911 1221,3894 1218,3894 1215,3894 1211,3894 1122,3942 1116,3945 1064,3945 1054,3942 993,3911 989,3911 986,3911 983,3911 925,3938 928,4017"/>
        <Baseline points="928,4017 2481,3969 3334,3973"/>
        <TextEquiv>
          <Unicode>Und ſeitwärts ſie mit kindlich dumpfen Sinnen</Unicode>
        </TextEquiv>
      </TextLine>

      
      
      <TextLine id="eSc_line_6bc446f9" custom="structure {type:default;}">
        <Coords points="3041,3973 2990,3973 2938,3973 2887,3973 2836,3973 2785,3973 2775,3973 2769,3978 2723,4019 2519,4034 2293,4034 2242,4003 2211,3983 2206,3983 2201,3983 2196,3983 1925,3983 1914,3988 1863,3988 1843,3988 1838,3988 1684,4029 1612,4049 1525,4039 1361,4019 1356,4019 1351,4019 1346,4019 1300,4049 1274,4024 1269,4024 1264,4024 1259,4024 1254,4024 1172,4055 1157,4065 942,4065 947,4142 952,4224 1054,4172 1141,4218 1152,4224 1157,4224 1162,4224 1167,4224 1172,4224 1172,4218 1177,4218 1218,4183 1336,4213 1367,4218 1372,4218 1377,4218 1402,4208 1541,4162 1643,4203 1648,4203 1653,4203 1658,4203 1664,4203 1761,4152 2078,4147 2216,4172 2222,4172 2227,4172 2334,4147 2396,4183 2411,4193 2416,4193 2421,4193 2426,4193 2775,4177 2821,4167 2995,4126 3046,4162 3061,4090 3051,3973 3041,3973"/>
        <Baseline points="952,4147 2795,4102 3062,4095"/>
        <TextEquiv>
          <Unicode>Im Hüttgen auf dem kleinen Alpenfeld</Unicode>
        </TextEquiv>
      </TextLine>

      
      
      <TextLine id="eSc_line_aaf2478f" custom="structure {type:default;}">
        <Coords points="931,4283 931,4331 1126,4307 1355,4321 1382,4321 1385,4321 1389,4321 1399,4317 1501,4290 1580,4304 1583,4304 1798,4287 1829,4304 1832,4307 1836,4307 1839,4307 1843,4307 1846,4307 1867,4300 1962,4276 2051,4293 2054,4293 2058,4293 2123,4273 2164,4290 2177,4297 2181,4297 2184,4297 2187,4297 2191,4297 2198,4290 2215,4280 2522,4280 2525,4235 2515,4181 2000,4194 1993,4191 1962,4164 1962,4160 1959,4160 1955,4160 1952,4160 1727,4164 1549,4201 1525,4205 1522,4201 1491,4174 1491,4171 1488,4171 1484,4171 1481,4171 1348,4198 1280,4177 1276,4177 1273,4177 1269,4177 1266,4177 1218,4208 1204,4215 1191,4208 1150,4191 1146,4191 1143,4191 1047,4205 1020,4188 1017,4188 1013,4188 1010,4188 1006,4188 928,4208 931,4283"/>
        <Baseline points="931,4283 2525,4235"/>
        <TextEquiv>
          <Unicode>Und all ihr häusliches Beginnen</Unicode>
        </TextEquiv>
      </TextLine>

      
      
      <TextLine id="eSc_line_00892c62" custom="structure {type:default;}">
        <Coords points="931,4410 931,4437 1109,4457 1112,4457 1116,4457 1174,4437 1187,4433 1221,4437 1317,4450 1320,4450 1324,4450 1327,4450 1344,4437 1358,4423 1682,4420 1747,4433 1781,4444 1785,4444 1788,4444 1792,4444 1815,4433 1860,4416 2065,4433 2116,4437 2119,4437 2123,4437 2126,4437 2126,4433 2129,4433 2153,4413 2242,4433 2252,4433 2256,4437 2402,4437 2402,4433 2406,4433 2409,4433 2454,4413 2594,4430 2600,4379 2597,4334 2481,4290 2478,4290 2474,4290 2471,4290 2467,4290 2392,4334 2283,4311 2280,4311 2276,4311 2273,4311 2273,4314 2252,4331 2242,4321 2239,4321 2235,4321 2232,4321 2095,4338 2048,4297 2044,4297 2041,4297 2037,4297 1836,4334 1713,4304 1710,4304 1706,4304 1703,4304 1699,4304 1634,4348 1536,4328 1532,4328 1529,4328 1477,4352 1474,4352 1163,4314 1160,4314 1157,4314 1153,4314 1088,4358 996,4324 993,4324 989,4324 986,4324 983,4324 928,4352 931,4410"/>
        <Baseline points="931,4410 2600,4379"/>
        <TextEquiv>
          <Unicode>Umfangen in der kleinen Welt.</Unicode>
        </TextEquiv>
      </TextLine>

      
      
      <TextLine id="eSc_line_4d3ab2ee" custom="structure {type:default;}">
        <Coords points="931,4549 931,4570 979,4601 983,4601 986,4601 989,4601 993,4601 1078,4567 1095,4560 1109,4567 1181,4594 1184,4594 1187,4594 1191,4594 1242,4570 1327,4590 1331,4590 1334,4590 1338,4590 1399,4563 1426,4553 1457,4563 1532,4590 1536,4590 1539,4590 1542,4590 1546,4590 1580,4563 1587,4556 1723,4546 1761,4563 1826,4594 1829,4594 1832,4594 2205,4560 2205,4522 2194,4413 2041,4430 1993,4423 1952,4416 1949,4416 1945,4416 1918,4427 1839,4464 1754,4464 1713,4437 1696,4427 1693,4427 1689,4427 1686,4427 1611,4444 1583,4450 1576,4447 1563,4433 1559,4433 1556,4433 1553,4433 1549,4433 1546,4433 1546,4437 1532,4447 1512,4468 1471,4450 1409,4430 1406,4430 1402,4430 1399,4430 1327,4447 1262,4430 1259,4430 1256,4430 1252,4430 1249,4430 1249,4433 1215,4468 1208,4478 1157,4478 1150,4471 1129,4450 1129,4447 1126,4447 1122,4447 1119,4447 1116,4447 1112,4447 1078,4474 1071,4481 928,4481 931,4549"/>
        <Baseline points="931,4549 2205,4522"/>
        <TextEquiv>
          <Unicode>Und ich der Gott verhaſſte</Unicode>
        </TextEquiv>
      </TextLine>

      
      
      <TextLine id="eSc_line_c3b64bbf" custom="structure {type:default;}">
        <Coords points="938,4666 945,4761 1010,4713 1126,4706 1157,4706 1204,4747 1215,4754 1215,4758 1218,4758 1221,4758 1225,4758 1338,4744 1382,4737 1402,4741 1491,4754 1495,4754 1498,4754 1539,4734 1604,4700 1733,4700 1764,4724 1768,4727 1771,4727 1774,4727 1778,4727 1870,4717 1870,4648 1860,4553 1638,4556 1634,4556 1631,4556 1631,4560 1624,4567 1597,4590 1501,4573 1430,4560 1426,4560 1423,4560 1419,4560 1399,4580 1378,4597 1300,4601 1194,4601 1181,4590 1126,4563 1122,4563 1119,4563 1116,4563 1112,4563 1078,4590 1034,4573 1030,4573 1027,4573 1024,4573 935,4604 938,4666"/>
        <Baseline points="938,4666 1870,4648"/>
        <TextEquiv>
          <Unicode>Hatte nicht genug</Unicode>
        </TextEquiv>
      </TextLine>

      
    </TextRegion>
    

    
  </Page>
</PcGts>
