<?xml version="1.0" encoding="UTF-8"  standalone="yes"?>
<PcGts xmlns="http://schema.primaresearch.org/PAGE/gts/pagecontent/2019-07-15" xmlns:xsi="http://www.w3.org/2001/XMLSchema-instance" xsi:schemaLocation="http://schema.primaresearch.org/PAGE/gts/pagecontent/2019-07-15 http://schema.primaresearch.org/PAGE/gts/pagecontent/2019-07-15/pagecontent.xsd">
  <Metadata>
	<Creator>escriptorium</Creator>
	<Created>2023-07-09T09:46:59.698512+00:00</Created>
        <LastChange>2023-07-09T09:46:59.698525+00:00</LastChange>

  </Metadata>
  <Page imageFilename="0054.jpg" imageWidth="4096" imageHeight="6144">

    
    <TextRegion id="eSc_textblock_1afef78b"  custom="structure {type:text;}">
      <Coords points="3235,737 3519,750 3532,884 3194,925 3167,819 3235,737"/>
      
      
      <TextLine id="eSc_line_ecaf9196" custom="structure {type:default;}">
        <Coords points="3444,744 3430,744 3389,757 3297,744 3293,744 3290,744 3287,744 3246,774 3242,774 3201,774 3201,863 3198,894 3406,931 3409,931 3505,907 3508,873 3508,781 3464,744 3444,744"/>
        <Baseline points="3201,863 3508,873"/>
        <TextEquiv>
          <Unicode>544.</Unicode>
        </TextEquiv>
      </TextLine>

      
    </TextRegion>
    
    <TextRegion id="eSc_textblock_b141cb46"  custom="structure {type:text;}">
      <Coords points="1812,914 2003,914 2129,1010 2604,1024 2771,1105 3191,1174 3191,1307 2853,1402 2740,1648 2590,1774 2662,1993 3013,2034 3054,2140 3027,2194 2686,2307 2536,2648 2481,3068 2385,3164 3013,3263 3140,3454 3519,3549 3560,3727 3519,4051 3382,4205 3273,4584 3150,4679 1389,4734 423,4706 368,4297 395,1105 436,1037 532,1024 1170,1010 1433,928 1812,914"/>
      
      
      <TextLine id="eSc_line_a5510ebb" custom="structure {type:default;}">
        <Coords points="1959,914 1925,914 1890,914 1856,914 1853,914 1413,938 1416,1020 1416,1047 1679,1058 1682,1058 1686,1058 1689,1058 1723,1034 1730,1030 1747,1034 1860,1054 1863,1054 1867,1054 1976,1020 1976,1003 1966,914 1959,914"/>
        <Baseline points="1416,1020 1976,1003"/>
        <TextEquiv>
          <Unicode>Margareth</Unicode>
        </TextEquiv>
      </TextLine>

      
      
      <TextLine id="eSc_line_929c799c" custom="structure {type:default;}">
        <Coords points="419,1170 419,1221 570,1191 600,1215 600,1218 604,1218 607,1218 610,1221 696,1221 696,1218 699,1218 709,1215 795,1167 1095,1167 1157,1201 1174,1211 1177,1211 1181,1211 1184,1215 1256,1215 1256,1211 1259,1211 1297,1194 1378,1163 1443,1163 1491,1191 1498,1194 1501,1194 1505,1194 1508,1194 1580,1191 1583,1191 1587,1191 1590,1187 1631,1160 1716,1181 1720,1181 1723,1181 1788,1167 1809,1181 1843,1201 1846,1201 1850,1201 1853,1201 1856,1201 1921,1177 1949,1163 2119,1163 2129,1170 2157,1194 2157,1198 2160,1198 2164,1198 2167,1201 2211,1201 2211,1198 2215,1198 2218,1198 2273,1167 2276,1163 2280,1167 2351,1198 2355,1198 2358,1198 2362,1198 2365,1198 2365,1194 2392,1170 2621,1153 2624,1129 2618,1068 2566,1068 2512,1024 2508,1024 2505,1024 2501,1024 2409,1030 2406,1030 2402,1030 2355,1064 2235,1027 2232,1027 2228,1027 2034,1071 1863,1071 1792,1041 1788,1041 1785,1041 1781,1041 1778,1041 1778,1044 1740,1078 1536,1078 1532,1078 1430,1037 1426,1037 1273,1037 1269,1037 1266,1037 1262,1037 1215,1078 1082,1051 1078,1051 1075,1051 1020,1071 986,1041 983,1041 979,1041 976,1041 805,1044 802,1044 750,1071 699,1044 696,1044 692,1044 689,1044 686,1044 634,1085 542,1064 539,1064 416,1092 419,1170"/>
        <Baseline points="419,1170 1109,1136 2624,1129"/>
        <TextEquiv>
          <Unicode>Ach daß die Menſchen ſo unglücklich ſind</Unicode>
        </TextEquiv>
      </TextLine>

      
      
      <TextLine id="eSc_line_39add49a" custom="structure {type:default;}">
        <Coords points="419,1293 419,1348 580,1324 651,1348 665,1351 669,1351 672,1351 890,1348 894,1348 897,1348 904,1341 948,1310 1143,1334 1228,1344 1232,1344 1235,1344 1239,1344 1252,1331 1290,1303 1396,1327 1471,1344 1474,1344 1477,1344 1536,1324 1614,1297 1836,1297 2170,1303 2181,1310 2228,1334 2232,1334 2235,1334 2239,1334 2290,1307 2300,1300 2532,1290 2556,1300 2621,1331 2624,1331 2628,1334 2727,1334 2727,1331 2730,1331 2843,1293 2846,1293 2850,1293 3000,1310 3003,1310 3164,1283 3167,1262 3164,1187 3041,1157 3037,1157 3034,1157 2877,1187 2839,1174 2836,1174 2833,1174 2829,1174 2826,1174 2798,1194 2788,1204 2478,1204 2467,1198 2447,1184 2443,1184 2440,1184 2437,1184 2362,1201 2341,1204 2331,1201 2245,1163 2242,1163 2239,1163 2235,1163 2232,1163 2177,1204 2170,1208 2164,1204 2085,1167 2082,1167 2078,1167 2075,1167 2071,1167 2020,1204 2013,1211 1928,1211 1925,1208 1884,1187 1880,1187 1877,1187 1873,1187 1822,1201 1761,1170 1757,1170 1477,1170 1474,1170 1341,1174 1338,1174 1259,1215 1201,1184 1198,1184 1194,1184 1051,1211 1006,1177 1003,1177 1000,1177 996,1177 993,1177 890,1204 856,1177 853,1177 849,1177 788,1177 785,1177 781,1177 778,1177 720,1221 720,1225 703,1225 573,1225 522,1198 518,1198 515,1198 512,1198 416,1225 419,1293"/>
        <Baseline points="419,1293 1652,1259 3167,1262"/>
        <TextEquiv>
          <Unicode>Gewiſſ ich will für ihn manch Requiem noch beten.</Unicode>
        </TextEquiv>
      </TextLine>

      
      
      <TextLine id="eSc_line_8578858f" custom="structure {type:default;}">
        <Coords points="1515,1385 1515,1426 1539,1423 1546,1426 1594,1471 1594,1474 1597,1474 1600,1474 1604,1477 1713,1477 1713,1474 1716,1474 1720,1474 1720,1471 1751,1443 1873,1419 1877,1382 1870,1310 1788,1293 1785,1293 1781,1293 1737,1310 1727,1314 1699,1310 1604,1297 1600,1297 1512,1310 1515,1385"/>
        <Baseline points="1515,1385 1877,1382"/>
        <TextEquiv>
          <Unicode>Meph:</Unicode>
        </TextEquiv>
      </TextLine>

      
      
      <TextLine id="eSc_line_a7ddbb80" custom="structure {type:default;}">
        <Coords points="430,1546 430,1597 525,1597 525,1594 529,1594 532,1594 597,1559 720,1576 723,1576 925,1553 976,1580 979,1580 983,1580 986,1580 989,1580 993,1580 1102,1549 1174,1573 1191,1580 1194,1580 1198,1580 1201,1580 1204,1580 1204,1576 1211,1573 1239,1546 1286,1566 1290,1566 1293,1566 1443,1553 1464,1566 1467,1570 1471,1570 1474,1570 1477,1570 1481,1570 1491,1566 1532,1542 1580,1559 1583,1559 1587,1559 1710,1539 1737,1559 1740,1563 1744,1563 1747,1563 1751,1563 1781,1556 1877,1536 1928,1553 1976,1570 1979,1570 1983,1570 2181,1566 2184,1566 2187,1566 2187,1563 2208,1546 2218,1539 2228,1546 2242,1556 2245,1556 2249,1556 2252,1556 2256,1556 2259,1556 2259,1553 2273,1542 2286,1529 2310,1542 2351,1563 2355,1563 2358,1563 2362,1563 2365,1563 2389,1546 2484,1559 2488,1559 2734,1529 2737,1508 2734,1447 2648,1409 2645,1409 2641,1409 2638,1409 2536,1447 2464,1413 2461,1413 2457,1413 2454,1413 2382,1433 2177,1416 2174,1416 2068,1419 2065,1419 1976,1457 1894,1423 1890,1423 1792,1423 1788,1423 1785,1423 1696,1464 1621,1464 1573,1430 1570,1430 1566,1430 1563,1430 1559,1430 1464,1464 1433,1440 1430,1440 1426,1440 1249,1433 1245,1433 1242,1433 1160,1471 1160,1474 1105,1474 1044,1474 931,1440 928,1440 925,1440 921,1440 918,1440 860,1477 651,1477 610,1447 607,1447 604,1447 535,1447 532,1447 529,1447 426,1481 430,1546"/>
        <Baseline points="430,1546 1785,1515 2737,1508"/>
        <TextEquiv>
          <Unicode>Ihr wäret werth gleich in die Eh zu treten</Unicode>
        </TextEquiv>
      </TextLine>

      
      
      <TextLine id="eSc_line_1b9e9608" custom="structure {type:default;}">
        <Coords points="440,1665 440,1727 498,1727 501,1727 505,1727 549,1693 607,1723 610,1727 614,1727 617,1727 791,1723 795,1723 798,1723 808,1716 873,1672 1133,1672 1262,1696 1348,1713 1351,1713 1355,1713 1413,1689 1419,1686 1638,1679 1645,1682 1675,1703 1679,1703 1682,1703 1686,1703 1689,1703 1761,1682 1798,1699 1802,1699 1805,1699 1809,1699 1901,1669 1908,1669 1911,1669 1955,1693 1959,1693 1962,1693 1966,1693 2054,1662 2075,1655 2457,1645 2461,1621 2454,1566 2338,1546 2334,1546 2331,1546 2327,1546 2297,1570 2293,1570 2205,1536 2201,1536 2198,1536 2194,1536 2099,1573 2085,1576 2058,1573 1962,1559 1959,1559 1815,1580 1798,1580 1740,1542 1737,1542 1733,1542 1730,1542 1727,1542 1662,1566 1611,1546 1607,1546 1604,1546 1378,1549 1375,1549 1372,1549 1307,1590 1208,1553 1204,1553 1201,1553 1198,1553 1194,1553 1194,1556 1157,1594 1157,1597 969,1597 965,1597 921,1566 918,1566 914,1566 911,1566 907,1566 866,1587 808,1559 805,1559 802,1559 798,1559 686,1600 590,1566 587,1566 583,1566 580,1566 436,1607 440,1665"/>
        <Baseline points="440,1665 1710,1652 2461,1621"/>
        <TextEquiv>
          <Unicode>Ihr ſeyd ein liebens würdig Kind.</Unicode>
        </TextEquiv>
      </TextLine>

      
      
      <TextLine id="eSc_line_746a7aa2" custom="structure {type:default;}">
        <Coords points="1508,1785 1508,1815 1983,1788 1986,1768 1979,1723 1908,1706 1904,1706 1774,1730 1768,1730 1710,1689 1706,1689 1703,1689 1699,1689 1594,1693 1590,1693 1505,1733 1508,1785"/>
        <Baseline points="1508,1785 1986,1768"/>
        <TextEquiv>
          <Unicode>Margr:</Unicode>
        </TextEquiv>
      </TextLine>

      
      
      <TextLine id="eSc_line_2d2ab0af" custom="structure {type:default;}">
        <Coords points="423,1918 423,1972 491,2000 494,2000 498,2000 501,2000 505,2000 539,1972 573,1942 682,1938 812,1938 863,1969 870,1972 873,1972 877,1972 880,1972 884,1972 887,1972 894,1969 948,1935 986,1935 1027,1966 1061,1993 1064,1993 1068,1993 1071,1993 1389,1989 1392,1989 1396,1989 1430,1962 1433,1959 1440,1962 1484,1976 1488,1976 1491,1976 1495,1976 1539,1959 1628,1928 1682,1928 1723,1959 1754,1983 1757,1983 1761,1983 1764,1986 1843,1986 1843,1983 1846,1983 1850,1983 1887,1955 1935,1925 1986,1925 2020,1955 2041,1972 2044,1972 2048,1972 2051,1972 2112,1969 2116,1969 2119,1969 2136,1952 2157,1938 2235,1949 2239,1949 2242,1949 2348,1918 2440,1918 2508,1949 2515,1890 2505,1774 2242,1788 2239,1788 2235,1788 2198,1812 1863,1792 1730,1785 1727,1785 1669,1798 1576,1822 1508,1822 1484,1802 1467,1788 1464,1788 1460,1788 1457,1788 1317,1809 1211,1822 1150,1812 1064,1798 1061,1798 1058,1798 1054,1798 1054,1802 1037,1815 1024,1829 798,1829 757,1826 614,1802 610,1802 419,1832 423,1918"/>
        <Baseline points="423,1918 2515,1890"/>
        <TextEquiv>
          <Unicode>Ach nein, das geht jezt noch nicht an.</Unicode>
        </TextEquiv>
      </TextLine>

      
      
      <TextLine id="eSc_line_b6ed813e" custom="structure {type:default;}">
        <Coords points="1600,2037 1604,2075 1672,2058 1696,2068 1751,2095 1754,2095 1757,2095 1856,2092 1860,2092 1863,2092 1901,2058 1979,2048 1979,2030 1969,1942 1781,1969 1751,1959 1703,1945 1699,1945 1696,1945 1693,1945 1597,1972 1600,2037"/>
        <Baseline points="1600,2037 1979,2030"/>
        <TextEquiv>
          <Unicode>Meph:</Unicode>
        </TextEquiv>
      </TextLine>

      
      
      <TextLine id="eSc_line_6820d5f2" custom="structure {type:default;}">
        <Coords points="436,2174 440,2245 573,2191 669,2194 744,2242 747,2242 750,2242 754,2242 757,2242 761,2242 832,2184 1150,2184 1177,2201 1181,2201 1184,2201 1187,2201 1443,2184 1556,2232 1559,2232 1563,2235 1679,2235 1778,2235 1778,2232 1781,2232 1894,2181 2017,2215 2020,2215 2024,2215 2266,2194 2539,2225 2556,2225 2560,2225 2570,2225 2710,2194 2802,2222 2805,2222 2809,2222 3024,2218 3024,2129 3020,2071 2949,2051 2945,2051 2942,2051 2938,2051 2935,2051 2935,2054 2914,2071 2904,2078 2880,2071 2822,2054 2819,2054 2816,2054 2812,2054 2778,2071 2764,2078 2734,2071 2686,2061 2682,2061 2519,2071 2392,2082 2368,2075 2307,2051 2304,2051 2300,2051 2297,2051 2218,2075 2177,2085 2054,2082 2048,2075 2017,2054 2013,2054 2010,2054 1911,2054 1908,2054 1904,2054 1863,2075 1836,2092 1788,2092 1771,2078 1747,2058 1744,2058 1740,2058 1737,2058 1733,2058 1675,2078 1648,2085 1607,2078 1518,2061 1515,2061 1512,2061 1471,2078 1437,2095 1324,2095 1297,2078 1269,2061 1266,2061 1262,2061 1259,2061 1256,2061 1198,2078 1143,2095 1088,2082 1030,2065 1027,2065 873,2065 870,2065 866,2065 826,2082 785,2102 686,2102 651,2082 621,2068 617,2068 614,2068 433,2082 436,2174"/>
        <Baseline points="436,2174 778,2153 2194,2153 3024,2129"/>
        <TextEquiv>
          <Unicode>Iſts nicht ein Mann ſeys derweil ein Galan.</Unicode>
        </TextEquiv>
      </TextLine>

      
      
      <TextLine id="eSc_line_f661a8da" custom="structure {type:default;}">
        <Coords points="522,2290 525,2331 593,2310 1102,2310 1153,2331 1167,2338 1170,2338 1174,2338 1249,2331 1307,2327 1314,2331 1324,2341 1324,2344 1327,2344 1331,2344 1334,2344 1396,2331 1460,2317 1477,2331 1491,2344 1491,2348 1495,2348 1498,2348 1501,2348 1628,2331 1802,2310 1853,2314 1870,2331 1884,2344 1884,2348 1887,2348 1890,2348 1894,2348 2058,2344 2061,2344 2095,2331 2146,2314 2218,2331 2252,2341 2256,2341 2259,2341 2423,2331 2426,2276 2420,2208 2362,2218 2327,2205 2286,2191 2283,2191 2280,2191 2276,2191 2273,2191 2256,2205 2235,2222 2082,2222 2054,2205 2027,2191 2024,2191 2020,2191 1959,2205 1884,2222 1829,2205 1802,2194 1798,2194 1641,2194 1638,2194 1594,2201 1515,2218 1471,2201 1450,2194 1447,2194 1443,2194 1440,2194 1437,2194 1426,2201 1399,2218 1365,2201 1351,2194 1348,2194 1344,2194 1341,2194 1338,2194 1331,2201 1293,2225 1136,2225 1003,2198 969,2194 965,2194 962,2194 959,2194 955,2198 921,2225 641,2225 614,2198 614,2194 610,2194 607,2194 604,2194 518,2194 522,2290"/>
        <Baseline points="522,2290 945,2276 2426,2276"/>
        <TextEquiv>
          <Unicode>Iſt eine der gröſten Him̄elsgaben</Unicode>
        </TextEquiv>
      </TextLine>

      
      
      <TextLine id="eSc_line_f0384f4c" custom="structure {type:default;}">
        <Coords points="409,2423 413,2471 474,2440 614,2467 628,2467 631,2467 634,2467 638,2467 675,2440 945,2454 948,2454 1044,2437 1068,2457 1099,2481 1099,2484 1102,2484 1105,2484 1109,2484 1283,2481 1286,2481 1290,2481 1327,2450 1341,2440 1416,2433 1512,2433 1539,2447 1594,2471 1597,2471 1600,2471 1604,2471 1607,2471 1638,2443 1648,2437 1658,2443 1710,2478 1713,2478 1716,2478 1720,2478 2030,2457 2170,2474 2174,2474 2177,2474 2181,2474 2242,2433 2256,2426 2597,2426 2597,2396 2594,2341 2542,2310 2539,2310 2536,2310 2245,2310 2242,2310 2013,2344 1587,2324 1583,2324 1580,2324 1576,2324 1546,2351 1467,2351 1382,2351 1375,2351 1170,2321 1167,2321 1163,2321 1160,2321 1126,2348 1095,2324 1092,2324 1088,2324 928,2324 925,2324 921,2324 860,2355 856,2358 614,2358 607,2355 576,2331 573,2331 570,2331 484,2327 481,2327 477,2327 406,2351 409,2423"/>
        <Baseline points="409,2423 1020,2406 2597,2396"/>
        <TextEquiv>
          <Unicode>So ein lieb Ding im Arm zu haben.</Unicode>
        </TextEquiv>
      </TextLine>

      
      
      <TextLine id="eSc_line_d1ad3132" custom="structure {type:default;}">
        <Coords points="1573,2539 1573,2563 2048,2549 2048,2529 2037,2474 1757,2481 1751,2474 1727,2457 1727,2454 1723,2454 1720,2454 1607,2454 1604,2454 1600,2454 1597,2454 1570,2467 1573,2539"/>
        <Baseline points="1573,2539 2048,2529"/>
        <TextEquiv>
          <Unicode>Margr:</Unicode>
        </TextEquiv>
      </TextLine>

      
      
      <TextLine id="eSc_line_e97bfcec" custom="structure {type:default;}">
        <Coords points="1802,2536 1778,2536 1768,2546 1754,2560 1703,2549 1655,2539 1631,2539 1617,2553 1594,2577 1536,2580 1406,2580 1385,2560 1375,2549 1375,2546 1372,2546 1368,2546 1269,2532 1266,2532 1078,2549 972,2536 969,2536 802,2566 744,2546 740,2546 737,2546 733,2546 730,2546 730,2549 699,2580 610,2542 607,2542 522,2542 518,2542 515,2542 512,2542 512,2546 467,2590 464,2594 402,2594 406,2665 406,2699 460,2713 464,2713 467,2713 522,2699 580,2682 600,2696 621,2713 624,2713 628,2713 631,2713 634,2713 682,2696 727,2676 1136,2676 1150,2686 1157,2693 1157,2696 1160,2696 1163,2696 1167,2696 1170,2696 1174,2696 1187,2686 1191,2682 1211,2686 1297,2703 1300,2703 1303,2703 1307,2703 1307,2699 1327,2682 1341,2669 1372,2682 1409,2699 1413,2699 1416,2703 1546,2703 1546,2699 1549,2699 1621,2679 1665,2665 1710,2676 1737,2682 1740,2682 1744,2682 1781,2676 1812,2669 1829,2676 1873,2693 1877,2693 1880,2693 1884,2693 1962,2672 2013,2658 2037,2669 2058,2679 2061,2679 2065,2679 2208,2669 2239,2665 2242,2665 2259,2682 2259,2686 2263,2686 2266,2686 2269,2686 2273,2686 2344,2669 2406,2686 2409,2686 2413,2686 2416,2686 2467,2662 2467,2635 2450,2522 2433,2539 2392,2525 2362,2515 2358,2515 2355,2515 2351,2515 2324,2529 2259,2556 2167,2532 2102,2519 2099,2519 2095,2519 2092,2519 2092,2522 2075,2536 2054,2560 1993,2573 1856,2573 1819,2546 1805,2536 1802,2536"/>
        <Baseline points="406,2665 2467,2635"/>
        <TextEquiv>
          <Unicode>Das iſt des Landes nicht der Brauch.</Unicode>
        </TextEquiv>
      </TextLine>

      
      
      <TextLine id="eSc_line_cfc60739" custom="structure {type:default;}">
        <Coords points="1631,2805 1658,2802 1665,2805 1716,2850 1720,2850 1723,2850 1727,2850 1839,2846 1843,2846 1846,2846 1908,2792 2013,2781 2013,2754 2000,2645 1877,2689 1839,2689 1802,2655 1795,2648 1792,2648 1788,2648 1785,2648 1703,2652 1699,2652 1696,2652 1686,2662 1665,2676 1631,2665 1631,2764 1631,2805"/>
        <Baseline points="1631,2764 2013,2754"/>
        <TextEquiv>
          <Unicode>Meph:</Unicode>
        </TextEquiv>
      </TextLine>

      
      
      <TextLine id="eSc_line_06b139c3" custom="structure {type:default;}">
        <Coords points="413,2901 413,2928 508,2935 604,3003 607,3003 610,3003 614,3003 617,3003 747,2942 757,2935 925,2925 1013,2928 1034,2949 1085,2996 1085,3000 1088,3000 1092,3000 1095,3003 1170,3003 1170,3000 1174,3000 1177,3000 1228,2955 1269,2925 1413,2925 1454,2962 1488,2993 1488,2996 1491,2996 1495,2996 1498,3000 1546,3000 1546,2996 1549,2996 1600,2969 1669,2928 1744,2921 1870,2921 1966,2979 1986,2993 1989,2993 1993,2993 1996,2993 2000,2993 2030,2983 2061,2969 2099,2983 2123,2993 2126,2993 2129,2996 2461,2996 2464,2887 2450,2805 2416,2816 2402,2805 2379,2788 2375,2788 2372,2788 2368,2788 2266,2809 2205,2819 2191,2809 2167,2785 2167,2781 2164,2781 2160,2781 2088,2781 2085,2781 2082,2781 2078,2781 2037,2812 2027,2819 2007,2812 1952,2792 1949,2792 1945,2792 1788,2816 1727,2822 1713,2816 1655,2785 1652,2785 1553,2785 1549,2785 1546,2785 1542,2785 1512,2809 1481,2785 1477,2785 1474,2785 1471,2785 1467,2785 1416,2805 1331,2788 1327,2788 1324,2788 1239,2822 1228,2826 1143,2822 986,2819 955,2795 952,2795 948,2795 945,2795 942,2795 860,2829 856,2829 822,2795 822,2792 819,2792 815,2792 730,2792 727,2792 723,2792 720,2792 672,2822 641,2795 641,2792 638,2792 634,2792 549,2792 546,2792 542,2792 409,2833 413,2901"/>
        <Baseline points="413,2901 2464,2887"/>
        <TextEquiv>
          <Unicode>Brauch oder nicht! es giebt ſich auch.</Unicode>
        </TextEquiv>
      </TextLine>

      
      
      <TextLine id="eSc_line_7182fc3c" custom="structure {type:default;}">
        <Coords points="1587,3044 1587,3082 2013,3082 2013,3037 2007,2966 1795,2928 1792,2928 1583,2969 1587,3044"/>
        <Baseline points="1587,3044 2013,3037"/>
        <TextEquiv>
          <Unicode>Marthe</Unicode>
        </TextEquiv>
      </TextLine>

      
      
      <TextLine id="eSc_line_54aac357" custom="structure {type:default;}">
        <Coords points="436,3222 436,3269 675,3269 679,3269 706,3256 764,3225 959,3235 962,3235 965,3235 1024,3208 1122,3208 1143,3225 1177,3252 1177,3256 1181,3256 1184,3256 1187,3259 1256,3259 1256,3256 1259,3256 1262,3256 1324,3211 1341,3201 1443,3201 1450,3188 1443,3085 1392,3058 1389,3058 1245,3054 1242,3054 1239,3054 1235,3054 1235,3058 1187,3099 1170,3116 945,3119 928,3109 843,3065 839,3065 836,3065 832,3065 778,3082 617,3068 614,3068 610,3068 484,3130 481,3133 433,3133 436,3222"/>
        <Baseline points="436,3222 723,3198 1450,3188"/>
        <TextEquiv>
          <Unicode>Erzählt mir doch!</Unicode>
        </TextEquiv>
      </TextLine>

      
      
      <TextLine id="eSc_line_5f1d3b19" custom="structure {type:default;}">
        <Coords points="1553,3225 1549,3259 1720,3328 1723,3328 1727,3328 1983,3287 1986,3242 1983,3150 1856,3174 1788,3157 1720,3140 1716,3140 1713,3140 1710,3140 1706,3140 1675,3164 1658,3174 1553,3170 1553,3225"/>
        <Baseline points="1553,3225 1986,3242"/>
        <TextEquiv>
          <Unicode>Meph:</Unicode>
        </TextEquiv>
      </TextLine>

      
      
      <TextLine id="eSc_line_997b4e73" custom="structure {type:default;}">
        <Coords points="1481,3392 1481,3447 1600,3420 1716,3440 1730,3440 1733,3440 1737,3440 1740,3440 1798,3409 1853,3433 1873,3444 1877,3444 1880,3447 2099,3447 2099,3444 2102,3444 2106,3444 2106,3440 2109,3440 2119,3426 2245,3440 2249,3440 2252,3440 2256,3440 2256,3437 2276,3420 2290,3403 2413,3403 2648,3403 2655,3406 2710,3433 2713,3433 2717,3437 2795,3437 2795,3433 2798,3433 2802,3433 2843,3403 2996,3416 3000,3416 3003,3416 3007,3416 3031,3396 3031,3375 3027,3304 2942,3276 2938,3276 2935,3276 2932,3276 2874,3300 2812,3280 2809,3280 2805,3280 2802,3280 2730,3307 2710,3317 2699,3310 2665,3280 2662,3280 2658,3280 2560,3280 2556,3280 2553,3280 2549,3280 2495,3314 2478,3324 2307,3324 2297,3317 2256,3283 2252,3283 2249,3283 2143,3283 2140,3283 2136,3283 2133,3283 2088,3321 2085,3324 1894,3328 1887,3324 1809,3287 1805,3287 1802,3287 1798,3287 1795,3287 1740,3328 1737,3331 1737,3328 1696,3297 1693,3297 1689,3297 1594,3290 1590,3290 1587,3290 1583,3290 1532,3331 1529,3334 1477,3334 1481,3392"/>
        <Baseline points="1481,3392 3031,3375"/>
        <TextEquiv>
          <Unicode>Ich ſtand an ſeinem Sterbette.</Unicode>
        </TextEquiv>
      </TextLine>

      
      
      <TextLine id="eSc_line_61743e81" custom="structure {type:default;}">
        <Coords points="423,3529 423,3560 552,3539 573,3556 576,3556 580,3556 583,3560 655,3560 744,3560 744,3556 747,3556 750,3556 750,3553 768,3539 1092,3553 1150,3553 1153,3553 1157,3553 1167,3549 1218,3536 1280,3549 1303,3553 1307,3553 1375,3549 1518,3536 1542,3546 1559,3553 1563,3553 1566,3553 1658,3543 1744,3536 1792,3543 1867,3553 1870,3553 1955,3539 2007,3532 2030,3539 2065,3549 2068,3549 2071,3549 2379,3532 2382,3512 2379,3426 2334,3420 2331,3420 2327,3420 2324,3420 2317,3426 2276,3461 2218,3461 2164,3430 2143,3420 2140,3420 2136,3420 2133,3420 2106,3430 2048,3461 1897,3464 1809,3464 1768,3440 1751,3426 1747,3426 1744,3426 1740,3426 1658,3440 1563,3461 1539,3444 1518,3426 1515,3426 1512,3426 1228,3423 1225,3423 1221,3423 1167,3440 1119,3426 1116,3426 1112,3426 1109,3426 1041,3454 1020,3464 1006,3457 969,3437 965,3437 962,3437 959,3437 918,3457 907,3464 853,3461 720,3447 716,3447 634,3464 573,3426 570,3426 566,3426 563,3426 559,3426 419,3467 423,3529"/>
        <Baseline points="423,3529 1105,3508 2382,3512"/>
        <TextEquiv>
          <Unicode>Es war ’was beſſer als von Miſt</Unicode>
        </TextEquiv>
      </TextLine>

      
      
      <TextLine id="eSc_line_e284d633" custom="structure {type:default;}">
        <Coords points="409,3645 409,3669 740,3682 744,3682 747,3682 750,3682 771,3665 778,3665 928,3665 931,3665 989,3706 993,3706 996,3706 1000,3710 1058,3710 1058,3706 1061,3706 1160,3662 1163,3662 1184,3662 1334,3676 1338,3676 1573,3659 1594,3659 1597,3659 1699,3696 1703,3696 1706,3700 1792,3700 1792,3696 1795,3696 1938,3659 2027,3696 2030,3696 2034,3696 2232,3689 2235,3689 2317,3659 2351,3676 2355,3676 2358,3676 2454,3665 2498,3689 2501,3689 2505,3689 2508,3689 2570,3665 2809,3679 2812,3679 2816,3679 2819,3679 2846,3659 2911,3686 2914,3686 2918,3686 3188,3682 3430,3638 3433,3624 3420,3525 3338,3549 3205,3529 3170,3525 3167,3525 3164,3525 3143,3529 3003,3566 2901,3536 2887,3532 2884,3532 2880,3532 2877,3532 2867,3536 2809,3570 2713,3570 2655,3539 2652,3539 2648,3539 2645,3539 2641,3539 2635,3543 2580,3573 1996,3577 1955,3556 1925,3539 1921,3539 1918,3539 1914,3539 1873,3556 1829,3577 1774,3560 1706,3539 1703,3539 1699,3539 1696,3539 1631,3563 1604,3573 1576,3563 1525,3543 1522,3543 1518,3543 1317,3546 1314,3546 1249,3570 1211,3556 1208,3556 1204,3556 1201,3556 1150,3573 1112,3584 1075,3573 965,3549 761,3549 757,3549 754,3549 662,3584 641,3590 624,3584 542,3553 539,3553 535,3553 532,3553 406,3584 409,3645"/>
        <Baseline points="409,3645 1604,3628 2235,3645 3433,3624"/>
        <TextEquiv>
          <Unicode>Von halb gefaulten Stroh; allein er ſtarb als Chriſt</Unicode>
        </TextEquiv>
      </TextLine>

      
      
      <TextLine id="eSc_line_9c0a92da" custom="structure {type:default;}">
        <Coords points="399,3785 399,3819 662,3840 665,3840 669,3840 672,3840 706,3819 727,3805 890,3802 928,3816 952,3826 955,3826 959,3826 962,3826 965,3826 979,3816 1003,3799 1075,3816 1153,3833 1157,3833 1160,3833 1225,3816 1256,3805 1276,3816 1297,3822 1300,3822 1303,3822 1307,3822 1327,3812 1358,3799 1498,3799 1587,3812 1682,3826 1686,3826 1689,3826 1733,3809 1751,3805 1761,3809 1788,3829 1792,3829 1795,3829 1798,3829 1802,3829 1863,3809 1897,3799 1931,3809 2010,3836 2013,3836 2017,3836 2020,3836 2075,3809 2088,3802 2099,3809 2160,3840 2164,3840 2167,3843 2396,3843 2396,3840 2399,3840 2454,3819 2618,3833 2621,3833 2624,3833 2665,3812 2747,3822 2751,3822 2887,3802 2894,3802 2897,3802 3044,3840 3048,3840 3051,3840 3054,3840 3126,3812 3167,3833 3170,3833 3174,3833 3177,3833 3181,3833 3222,3802 3522,3795 3525,3771 3522,3682 3495,3665 3491,3665 3488,3665 3485,3665 3242,3689 3222,3689 3215,3689 3157,3672 3153,3672 3150,3672 3147,3672 3099,3689 3044,3710 2990,3689 2914,3662 2911,3662 2583,3662 2580,3662 2577,3662 2474,3696 2423,3713 2187,3713 2153,3696 2133,3689 2129,3689 2126,3689 2123,3689 2102,3700 2078,3713 1901,3713 1877,3700 1805,3665 1802,3665 1798,3665 1795,3665 1686,3703 1655,3713 1484,3713 1467,3703 1396,3662 1392,3662 1157,3662 1153,3662 1150,3662 1037,3706 942,3662 938,3662 935,3662 931,3662 836,3710 832,3710 764,3662 761,3662 757,3662 699,3662 696,3662 692,3662 600,3710 597,3710 464,3689 460,3689 457,3689 395,3706 399,3785"/>
        <Baseline points="399,3785 887,3771 3525,3771"/>
        <TextEquiv>
          <Unicode>Und fand, daſſ er weit mehr noch auf der Zeche hätte.</Unicode>
        </TextEquiv>
      </TextLine>

      
      
      <TextLine id="eSc_line_b60dde81" custom="structure {type:default;}">
        <Coords points="395,3921 395,3942 436,3962 440,3962 443,3966 631,3966 631,3962 634,3962 682,3942 696,3938 1109,3938 1150,3942 1297,3962 1300,3962 1423,3942 1477,3935 1512,3942 1573,3959 1576,3959 1580,3959 1583,3959 1614,3942 1631,3935 1645,3942 1672,3956 1675,3956 1679,3956 1682,3956 1710,3942 1727,3935 1805,3942 1897,3952 1901,3952 1904,3952 1908,3952 1921,3942 1935,3935 1949,3942 1979,3959 1983,3959 1986,3959 2191,3942 2263,3938 2280,3942 2321,3956 2324,3956 2327,3956 2461,3942 2522,3938 2573,3942 2652,3952 2655,3952 2658,3952 2679,3942 2696,3935 2720,3942 2757,3956 2761,3956 2764,3959 3010,3959 3010,3956 3013,3956 3041,3942 3065,3932 3109,3942 3157,3956 3160,3956 3164,3956 3167,3956 3205,3942 3252,3928 3505,3942 3508,3901 3502,3836 3283,3812 3280,3812 3276,3812 3232,3836 3218,3843 3205,3836 3164,3819 3160,3819 3157,3819 3034,3840 3020,3840 3010,3840 2911,3816 2908,3816 2904,3816 2846,3840 2809,3857 2757,3840 2710,3826 2706,3826 2703,3826 2699,3826 2669,3843 2641,3857 2580,3843 2515,3829 2512,3829 2508,3829 2467,3843 2430,3857 2396,3843 2372,3836 2368,3836 2365,3836 2362,3836 2344,3843 2317,3860 2075,3860 2051,3846 2003,3822 2000,3822 1996,3822 1993,3822 1935,3850 1904,3863 1802,3863 1778,3850 1723,3819 1720,3819 1464,3819 1460,3819 1457,3819 1454,3819 1402,3853 1385,3863 1116,3863 1088,3857 989,3822 986,3822 887,3822 884,3822 880,3822 805,3857 791,3863 754,3860 600,3836 597,3836 392,3860 395,3921"/>
        <Baseline points="395,3921 826,3908 2211,3918 3508,3901"/>
        <TextEquiv>
          <Unicode>Wie, rief er, muſſ ich mich von Grund aus haſſen,</Unicode>
        </TextEquiv>
      </TextLine>

      
      
      <TextLine id="eSc_line_01101e8f" custom="structure {type:default;}">
        <Coords points="395,4055 395,4089 727,4061 829,4075 832,4075 836,4075 839,4075 866,4058 1262,4089 1286,4089 1290,4089 1303,4089 1474,4061 1594,4078 1597,4078 1764,4061 1873,4085 1928,4099 1931,4099 1935,4099 1966,4085 2000,4075 2085,4078 2099,4085 2140,4109 2143,4109 2146,4113 2488,4113 2488,4109 2491,4109 2546,4085 2577,4072 2618,4085 2672,4102 2676,4102 2679,4102 2682,4102 2730,4085 2744,4082 2781,4085 2952,4102 2955,4102 2959,4102 3020,4085 3078,4068 3338,4082 3345,4048 3345,3979 3259,3942 3256,3942 3252,3942 3082,3952 3078,3952 3075,3952 3041,3979 3034,3983 3010,3979 2884,3952 2880,3952 2877,3952 2874,3952 2829,3979 2822,3983 2816,3979 2747,3945 2744,3945 2655,3938 2652,3938 2532,3962 2481,3938 2478,3938 2474,3938 2058,3952 1969,3935 1966,3935 1962,3935 1959,3935 1890,3979 1884,3983 1150,3983 1146,3979 1102,3949 1099,3949 1095,3949 986,3935 983,3935 979,3935 928,3956 778,3932 774,3932 771,3932 641,3966 532,3935 529,3935 525,3935 522,3935 395,3976 395,4055"/>
        <Baseline points="395,4055 856,4037 3345,4048"/>
        <TextEquiv>
          <Unicode>So mein Gewerb, mein Weib ſo zu verlaſſen.</Unicode>
        </TextEquiv>
      </TextLine>

      
      
      <TextLine id="eSc_line_c9a20e2a" custom="structure {type:default;}">
        <Coords points="389,4194 389,4266 488,4266 491,4266 494,4266 559,4212 706,4225 750,4263 754,4266 757,4266 761,4266 764,4266 768,4266 778,4259 877,4208 948,4225 952,4225 955,4225 1129,4208 1181,4232 1184,4232 1187,4232 1303,4208 1338,4235 1338,4239 1341,4239 1344,4239 1348,4239 1351,4239 1426,4212 1495,4239 1498,4239 1501,4239 1505,4239 1576,4218 1600,4235 1604,4235 1607,4235 1611,4239 1611,4235 1614,4235 1617,4235 1652,4212 1812,4229 1815,4229 1819,4229 1822,4229 1843,4212 1870,4232 1897,4256 1901,4256 1904,4256 1908,4259 2078,4259 2078,4256 2082,4256 2085,4256 2126,4225 2157,4201 2201,4222 2211,4181 2201,4075 2126,4082 2123,4082 2119,4082 2119,4085 2075,4130 1949,4130 1901,4085 1894,4082 1894,4078 1890,4078 1887,4078 1884,4078 1880,4078 1850,4085 1815,4096 1785,4089 1751,4078 1747,4078 1744,4078 1597,4085 1594,4085 1590,4085 1576,4096 1529,4130 1423,4126 1402,4102 1382,4085 1382,4082 1378,4082 1375,4082 1293,4082 1290,4082 1286,4082 1225,4109 1167,4136 928,4136 907,4119 897,4109 894,4109 890,4109 887,4109 884,4109 829,4123 774,4136 754,4126 689,4092 686,4092 682,4092 679,4092 648,4106 583,4089 580,4089 576,4089 573,4089 570,4089 532,4116 501,4092 498,4092 494,4092 491,4092 488,4092 385,4133 389,4194"/>
        <Baseline points="389,4194 2211,4181"/>
        <TextEquiv>
          <Unicode>Ach die Erinnrung tödtet mich.</Unicode>
        </TextEquiv>
      </TextLine>

      
      
      <TextLine id="eSc_line_92e0e1ba" custom="structure {type:default;}">
        <Coords points="402,4352 402,4413 600,4413 604,4413 607,4413 607,4410 679,4365 870,4382 873,4382 877,4382 880,4382 921,4352 1030,4341 1361,4341 1416,4379 1419,4379 1423,4379 1426,4379 1430,4379 1539,4348 1600,4379 1638,4396 1641,4396 1645,4396 1949,4389 1952,4389 1955,4389 1993,4365 2024,4345 2041,4358 2044,4358 2048,4358 2051,4358 2222,4328 2341,4355 2365,4358 2368,4358 2426,4352 2522,4338 2580,4345 2638,4355 2641,4355 2734,4341 2822,4328 2880,4338 2942,4345 2945,4345 2949,4345 2952,4345 2966,4334 2986,4321 3075,4331 3130,4334 3133,4334 3136,4334 3157,4328 3198,4311 3300,4321 3307,4293 3293,4198 3239,4218 3150,4201 3123,4198 3119,4198 3116,4198 3112,4198 3106,4205 3065,4232 2952,4208 2914,4201 2911,4201 2908,4201 2887,4212 2805,4246 2604,4218 2515,4208 2512,4208 2508,4208 2474,4222 2454,4232 2416,4225 2362,4215 2358,4215 2355,4215 2327,4229 2269,4259 1850,4266 1727,4266 1696,4249 1655,4222 1652,4222 1648,4222 1645,4222 1505,4225 1501,4225 1419,4256 1382,4270 1184,4270 1177,4263 1116,4232 1112,4232 1109,4232 935,4249 819,4235 815,4235 750,4239 747,4239 744,4239 675,4280 669,4280 474,4263 471,4263 467,4263 399,4287 402,4352"/>
        <Baseline points="402,4352 1000,4328 3307,4293"/>
        <TextEquiv>
          <Unicode>Vergab ſie mir nur noch in dieſem Leben!</Unicode>
        </TextEquiv>
      </TextLine>

      
      
      <TextLine id="eSc_line_4287f165" custom="structure {type:default;}">
        <Coords points="1566,4485 1573,4522 1600,4505 1672,4519 1699,4522 1703,4522 1751,4515 1836,4502 1863,4512 1880,4519 1884,4519 1887,4519 1890,4519 1918,4509 1945,4502 2044,4505 2208,4512 2211,4512 2519,4488 2580,4485 2594,4485 2693,4502 2696,4502 2860,4474 2860,4457 2850,4365 2713,4389 2638,4379 2635,4379 2631,4379 2628,4379 2566,4416 2430,4406 2426,4406 2201,4430 2027,4430 1969,4386 1966,4386 1962,4386 1959,4386 1955,4386 1812,4433 1693,4392 1689,4392 1559,4392 1566,4485"/>
        <Baseline points="1566,4485 2860,4457"/>
        <TextEquiv>
          <Unicode>Marthe weinend :/</Unicode>
        </TextEquiv>
      </TextLine>

      
      
      <TextLine id="eSc_line_2396e49f" custom="structure {type:default;}">
        <Coords points="406,4597 409,4621 409,4676 590,4720 593,4720 597,4720 600,4720 662,4676 665,4672 750,4669 1122,4669 1136,4676 1184,4713 1187,4713 1191,4713 1194,4717 1324,4717 1324,4713 1327,4713 1331,4713 1365,4693 1460,4710 1464,4710 1467,4710 1536,4676 1546,4672 1563,4676 1693,4710 1696,4710 1699,4710 1798,4700 1802,4700 1805,4700 1836,4676 1843,4672 1877,4676 2003,4689 2007,4689 2010,4689 2041,4676 2051,4672 2061,4676 2146,4703 2150,4703 2153,4703 2157,4703 2252,4676 2256,4676 2269,4676 2720,4700 2723,4700 2727,4700 2730,4700 2768,4676 2775,4669 2925,4652 3037,4676 3102,4686 3106,4686 3191,4672 3191,4584 3184,4529 2983,4498 2979,4498 2976,4498 2880,4532 2495,4532 2430,4495 2426,4495 2423,4495 2420,4495 2416,4495 2338,4536 2334,4539 2307,4539 2249,4539 2153,4491 2150,4491 2146,4491 2143,4491 2027,4539 2027,4543 2013,4543 1942,4543 1867,4488 1863,4488 1860,4488 1768,4488 1764,4488 1454,4491 1450,4491 1338,4549 1280,4549 1160,4522 1157,4522 1075,4532 1003,4498 1000,4498 747,4498 744,4498 740,4498 737,4498 669,4546 583,4502 580,4502 518,4502 515,4502 512,4502 409,4553 406,4597"/>
        <Baseline points="409,4621 907,4601 2092,4604 3191,4584"/>
        <TextEquiv>
          <Unicode>Der gute Mann ich hab ihm längſt vergeben.</Unicode>
        </TextEquiv>
      </TextLine>

      
    </TextRegion>
    

    
  </Page>
</PcGts>
