4096 6144
1983 928 2399 1119 Student
945 1099 2443 1266 Soll zwar ein Mediziner werden,
942 1245 2747 1443 Doch wünſcht ich rings von aller Erden,
938 1392 2682 1576 Von allem Himmel und all Natur,
935 1542 2775 1774 So viel mein Geiſt vermögt zu faſſen.
2024 1716 2276 1863 Meh:
955 1826 2577 2068 Ihr ſeyd da auf der rechten Spur,
945 2013 2935 2211 Doch müßt ihr euch nicht zerſtreuen laſſen
931 2164 2839 2379 Mein theurer Freund ich rath euch drum,
936 2298 2288 2519 Zuerſt Collegium Logikum.
931 2457 2713 2693 Da wird der Geiſt euch wohl dreſſirt,
938 2652 2515 2860 In Spanſche Stiefeln eingeſchnürt,
925 2805 2307 3013 Daſſ er bedächtger ſo fort an
921 2949 2413 3181 Hinſchleiche die Gedanken Bahn.
907 3102 2730 3317 Und nicht etwa die Kreuz und Queer
911 3280 2372 3495 Irrlichtelire den Weeg daher.
911 3420 2718 3640 Dann lehret man euch manchen Tag,
914 3580 2829 3812 Daß was ihr ſonſt den auf Einen Schlag
907 3764 2768 3983 Getrieben wie Eſſen und trinken frey,
914 3935 2747 4123 Eins! Zwey! Drey! dazu nöthig ſey.
911 4085 2645 4287 Zwar iſts mit der Gedanken Fabrick
901 4253 2580 4423 Wie mit einem Weber Meiſterſtück,
901 4392 2566 4577 Wo ein Tritt tauſend Fäden regt
904 4539 2607 4758 Die Schifflein rüber hinüber ſchieſſen
