4096 6144
3276 798 3607 948 530.
1566 969 2065 1140 Siebel.
539 1068 3631 1245 Wetter und Todt. Grüs mein Liebgen! – Eine Hammelmaus=
542 1192 3589 1402 paſtete mit geſtopften dürren Eichenblättern vom Blocksberg,
556 1338 3648 1512 durch einen geſchundnen Haaſen mit dem Hahnenkopf über=
539 1481 3549 1655 ſchickt, und keinen Grus von der Nachtigall. Hatt ſie mich
542 1604 3631 1785 nicht – meinen Stuz bart und alle Appartinenzien hinter die
542 1751 3604 1911 Thür geworfen wie einen ſtumpfen Beſen, und das um –
542 1853 3686 2082 drey Teufel! Keinen Grus ſag ich dir als die Fenſter eingeſchmiſſen
1664 2001 3594 2222 Froſch /: den Krug auf den Tiſch ſtoſſend :/
535 2170 3628 2372 Ruh iezt! – Ein neu’ Lied Kammeraden, ein alt Lied wenn ihr
539 2331 3614 2525 wollt! – Aufgemerkt und den Rundreim mit geſungen. Friſch
542 2457 1542 2682 und hoch auf! –
1351 2648 2969 2812 Es war ein Ratt im Keller Neſt,
1327 2764 2928 2949 Lebt nur von Fett und Butter,
1314 2891 3017 3119 Hätt ſich ein Ränzlein angemäſt
1327 3102 2713 3225 Als wie der – – –
1341 3160 3027 3389 Die Köchin hätt ihr Gift geſtellt
1341 3317 3044 3495 Da wards ſo eng ihr in der Welt,
1341 3450 2802 3659 Als hatt ſie Lieb im Leibe!
1713 3618 2696 3819 Chorus iauchzend
1358 3788 2798 3986 Als hett ſie Lieb im Leibe.
1778 3959 2106 4147 Froſch
1310 4061 2928 4317 Sie fuhr herum ſie fuhr her aus
1286 4259 2768 4478 Und ſoff aus allen Pfüzzen,
1280 4379 3218 4614 Zernagt zerkrazt das ganze Haus,
1273 4543 3024 4768 Wollt nichts ihr Wüten nützen.
