4096 6144
3246 805 3597 972 526.
515 996 2628 1177 Sie thun einen Gänſe ſtuhlgang treiben,
518 1153 2580 1331 Aber eben darum nicht baſſ bekleiben,
532 1307 2416 1501 Hammel und Kalb kühren ohne End,
535 1477 2655 1662 Als wie unſers Herr Gotts Firmament.
539 1652 2406 1836 Doch zahlend wird von euch ergänzt
532 1815 2699 2024 Was Schwärmerian vor euch geſchwänzt.
535 1993 2525 2174 Müſſt euren Beutel wohl verſorgen,
535 2143 2338 2341 Beſonders keinem Freunde borgen
529 2324 2075 2508 Aber redlich zu allen Maalen,
532 2471 2396 2720 Wirth, Schneider und Profeſſor zahlen.
1621 2645 2041 2856 Student.
549 2816 2252 3054 Hochwürdger Herr das findet ſich.
532 2983 2078 3174 Aber nun bitt ich leitet mich!
532 3133 2368 3355 Mir ſteht das Feld der Weisheit offen,
532 3307 2235 3474 Wäre gern ſo grade zu geloffen,
535 3433 2406 3635 Aber ſieht drinn ſo bunt und kraus
532 3590 2406 3822 Auch ſeitwärts wüſt und trocken aus.
535 3754 2614 4000 Fern thät ſich’s mir vor die Sinnen ſtellen,
525 3949 2566 4184 Als wie ein Tempe voll friſcher Quellen.
1510 4116 1797 4362 Meph:
532 4290 2266 4491 Sagt mir erſt eh ihr weiter geht,
539 4468 2355 4666 Was wählt ihr für eine Fakultät?
