4096 6144
3252 723 3573 938 538.
546 914 2078 1105 Der Ordnung, der Zufriedenheit,
542 1049 2247 1249 In dieſer Armuth welche Fülle!
552 1194 2454 1378 In dieſen Kerker welche Seeligkeit!
798 1317 3409 1563 /: Er wirft ſich auf den ledernen Seſſel am Bett :/
552 1518 2802 1716 O nimm mich auf der du die Vorwelt ſchon
549 1648 3406 1880 In Freud und Schmerz in offnen Arm empfangen!
546 1802 2461 2020 Wie offt ach hat an dieſem Väter Trohn
549 1931 2990 2157 Schon eine Schaar von Kindern rings gehangen
549 2044 2839 2283 Vielleicht hat dankbar für den heilgen Chriſt
546 2208 3082 2402 Mein Liebgen hier mit vollen Kinderwangen
552 2321 3188 2546 Dem Ahnherrn fromm die welke Hand geküſſt.
559 2481 2218 2693 Ich fühl o Mädgen deinen Geiſt
556 2641 2921 2809 Der Füll und Ordnung um mich ſäußeln,
556 2781 2635 2969 Der Mütterlich dich täglich unterweiſſt
549 2884 3252 3157 Den Teppich auf dem Tiſch dich reinlich breiten heiſſt
549 3048 3130 3280 Sogar den Sand zu deinen Füſſen kräuſeln.
559 3229 2116 3416 O liebe Hand ſo Göttergleich
552 3341 2921 3590 Die Hütte wird durch dich ein Himmelreich.
552 3537 1249 3732 Und hier!
1843 3495 3624 3761 /: er hebt einen Bett vorhang auf :/
1211 3682 3249 3925 Was faßt mich für ein Wonnegraus!
556 3850 2563 4065 Hier mögt ich volle Stunden ſäumen
552 3942 3020 4198 Natur! Hier bildeteſt in leichten Träumen
552 4150 2174 4375 Den eingebohrnen Engel aus.
556 4256 2863 4519 Hier lag das Kind, mit warmem Leben
559 4433 2382 4683 Den zarten Buſen angefüllt
