4096 6144
3222 723 3515 870 561.
518 921 3638 1105 warum muſteſt du mich an den Schandgeſellen ſchmieden, der ſich am
512 1064 2587 1259 Schaden weidet und am Verderben ſich lezt!
1716 1215 2051 1399 Meph:
512 1355 1092 1570 Endigſt du?
1781 1402 2099 1587 Fauſt
498 1536 3621 1781 Rette ſie oder weh dir! den entſezlichſten Fluch über dich auf Jahr=
512 1740 1556 1894 tauſende. Rette ſie!
1781 1829 2133 2017 Meph:
505 1952 3662 2187 Ich kann die Bande der Rächers nicht löſen, ſeine Riegel nicht öffnen
505 2106 3495 2297 – Rette ſie – ? Wer wars der ſie in’s Verderben ſtürzte?
512 2257 1264 2462 Ich oder du?
1785 2365 2880 2560 Fauſt blickt wild umher.
1797 2529 2109 2682 Meph:
498 2638 3655 2853 Greiffſt du nach dem Donner? Wohl daß er euch elenden Sterblichen
496 2744 3476 3041 nicht gegeben ward. Iſt’s doch das einzige Kunſtſtück auch in
501 2901 3662 3153 euern Verworrenheiten Lufft zu machen, daſſ ihr den entgegnen=
498 3085 2129 3334 den Unſchuldigen zerſchmettert.
1942 3174 2269 3403 Fauſt.
518 3368 2413 3648 Bring mich hin! ſie ſoll frey ſeyn!
1983 3532 2327 3768 Meph:
488 3597 3587 3918 Und die Gefahr der du dich aus ſezzeſt! Wiſſe daß auf der
501 3751 3628 4041 Stadt noch die Blutſchuld liegt die du auf ſie gebracht haſt.
491 3916 3635 4234 Daß über der Stäte des Erſchlagenen rächende Geiſter ſchweben,
498 4116 2717 4358 die auf den rückkehrenden Mörder lauern.
1860 4256 2150 4461 Fauſt
506 4352 3665 4623 Noch das von dir! Mord und Todt einer Welt über dich Ungeheuer.
512 4553 2754 4819 Führe mich hin ſag ich dir, und befrey ſie
