4096 6144
2153 559 2792 764 Phorkyas
1150 689 3938 907 Iſt leicht zu ſagen: Von der Koniginn hängt es
3686 814 3911 1044 ab.
1102 849 3628 1051 Sich zu erhalten, euch Zugaben auch mit ihr.
1099 1078 3529 1303 Entſchloſſenheit iſt nöthig die behendeſte.
2013 1290 2327 1484 Chor.
1553 1450 3276 1645 Ehrenwürdigſte der Parzen,
1573 1614 2850 1815 Weiſeſte Sybille du,
1604 1778 3607 2000 Halte geſperrt die goldne Scheere,
1590 1966 3536 2133 Dann verkünd uns Tag und Heil;
1594 2140 3638 2334 Denn wir fühlen ſchon im Schweben,
1594 2317 3645 2529 Schwanken, Bammeln, unergötzlich,
1597 2529 3365 2693 Unſre Gliederchen, die lieber
1611 2703 3389 2894 Erſt im Tanze ſich ergötzten
1621 2880 3587 3072 Ruhten drauf an Liebchens Bruſt.
2051 3099 2600 3290 Helnena
962 3287 3925 3515 Laß dieſe Bangen! Schmerz empfind ich, keine Furcht;
1006 3525 3938 3737 Doch kennſt du Rettung, dankbar ſey ſie anerkannt.
1017 3775 3573 3983 Dem Klugen, weitumſichtigen zeigt ſich oft
1003 4031 3556 4242 Unmögliches als möglich. Sprich und ſag es an.
2184 4232 2570 4437 Chor.
1617 4413 3498 4628 Sprich und ſage, ſag uns eilig
1631 4614 3696 4775 Wie entrinnen wir den grauſen,
1648 4761 3691 5012 Garſtigen Schlingen? die bedrohlich,
1645 4976 3505 5150 Als die ſchlechteſten Geſchmeide,
1672 5154 3372 5369 Sich um unſre Hälſe ziehn.
