4096 6144
3652 505 3850 669 14.
983 706 3775 965 Und ſolch Gebilde führt ein jeder Heldenſohn,
1064 965 3880 1177 Von ſeinen Ur=Urahnen her im Farbenglanz.
1075 1204 3915 1423 Dergleichen hängt in Säalen Reihe an Reihe fort,
1078 1440 3921 1662 In Säalen, gränzenloſen, wie die Welt ſo weit;
1088 1723 2375 1911 Da könnt ihr tanzen!
2020 1894 2484 2109 Chorf.
2150 2065 3880 2283 Sage giebts auch Tänzer da?
2022 2263 2457 2472 Phork.
1112 2402 3792 2682 Die beſten! Goldgelockte, friſche Bubenſchaar.
1102 2676 3498 2887 Die duften Jugend, Paris duftete nicht ſo
1061 2932 3225 3116 Als er der Königin zu nahe kam.
2085 3136 2563 3362 Helena.
3048 3328 3730 3498 Du fällſt
1078 3525 3921 3754 Ganz aus der Rolle; ſage mir das letzte Wort.
2133 3758 2563 3969 Phork.
1099 3911 3928 4184 Du ſprichſt das letzte, ſagſt, mit Ernſt, vernehmlich ja
1099 4177 3232 4433 Sogleich umgeb ich dich mit jener Burg.
2116 4386 2512 4580 Chorf.
3147 4529 3727 4720 O ſprich
1082 4672 3874 4884 Das kurze Wort! und rette dich mit uns zugleich.
2092 4860 2573 5010 Helena.
1126 5038 3836 5242 Wie? ſollt ich fürchten daß der König Menelas
1976 5160 3761 5341 ſich verginge mich beſchädigend.
1085 5297 3904 5502 So grauſam werde ſich an mir zuletzt vergehn.
