4096 6144
3512 522 3640 675 3
1020 802 3177 1006 Doch alles andre geb ich deiner Sorge heim.
1020 1030 3665 1276 So ſprach er, mich zum Scheiden drängend; aber nichts
1037 1300 3085 1508 Lebendiges bezeichnet mir der Ordnende,
1027 1563 3597 1798 Daß er, die Götter zu verehren, ſchlachten will.
1027 1809 3256 2041 Bedenklich iſt es, doch ich ſorge weiter nicht
1027 2078 3239 2249 Und alles bleibe hohen Göttern heimgeſtellt,
1020 2307 3648 2508 Die das vollenden, was in ihrem Sinn ſie däucht,
1027 2583 3525 2795 Es werde gut von Menſchen, oder werde bös
1017 2833 3365 3044 Geachtet und wir Sterblichen ertragen das.
986 2990 3874 3218 Schon manchmal hob das ſchwere Beil der Opfernde,
894 3143 3874 3365 Nach des gebeugten Thieres Nacken weihend auf,
965 3300 3887 3519 Und konnt’ es nicht vollbringen, denn ihn hinderte,
972 3423 3894 3669 Des nahen Feindes oder Gottes Zwiſchenkunft.
976 3594 3884 3819 Sey’s wie es ſey! Was auch bevorſteht bleibt mir jetzt
979 3717 3717 3932 Hinaufzuſteigen in das würdige Konigs Haus,
877 3822 3891 4027 Das lang’ entbehrt, und viel ersehnt und faſt verſcherzt,
972 3949 3874 4188 Mir abermals vor Augen ſteht, ich weis nicht wie.
965 4102 3631 4307 Die Füße tragen mich ſo mutig nicht empor
962 4212 3744 4498 Die hohen Stufen die ich kindiſch überſprang.
