4096 6144
1826 791 2263 931 Helena.
993 931 3857 1167 Nicht zürnend aber traurend ſchreit ich zwiſchen euch
3396 1051 3747 1163 herein,
976 1143 3628 1361 Verbietend ſolches Wechſelſtreites Ungeſtüm;
959 1269 3880 1481 Denn ſchädlicher begegnet nichts dem Herrſcherherrn
952 1413 3843 1604 Als treuer Diener innerlich entſponnener Zwiſt.
945 1556 3853 1757 Das Echo ſeiner Befehle kehrt alsdann nicht mehr,
935 1693 3816 1904 In ſchnell vollbrachter That, wohlſtimmig ihm
3293 1843 3788 1942 zurück,
931 1901 3696 2068 Und eigenwillig brauſend tost es um ihn her,
931 2051 3850 2187 Den ſelbſtverirrten, in’s Vergebne ſcheltenden.
925 2143 3836 2338 Dies nicht allein. Ihr habt, in ſittenloſem Zorn,
897 2276 3587 2467 Unſelger Bilder Schreckgeſtalten hergebannt,
907 2409 3880 2580 Die mich umdrängen, daß ich ſelbſt zum Orkus mich
885 2524 3870 2713 Geriſſen fühle, vaterländſcher Flur zum Truz.
860 2647 3896 2851 Iſt es Gedächtniſſ? iſt es Wahn der mich ergreift?
866 2792 3880 2955 War ich das alles? Bin ichs? Werd’ ichs künftig ſeyn?
860 2903 3927 3164 Das Traum= und Schreckbild jener Städteverwüſtenden.
1105 3031 3886 3235 Die Mädchen ſchaudern, aber du die aelteſte
865 3148 3855 3358 Du ſtehſt gelaſſen, rede mir verſtändiges Wort.
1879 3302 2636 3507 Phorkyas.
880 3430 3700 3624 Wer langer Jahre manigfaltigen Glücks gedenckt
890 3517 3896 3773 Ihm ſcheint zuletzt die höchſte Göttergunſt ein Traum.
901 3645 3758 3880 Du aber hochbegünſtigt, ſonder Maas und Ziel,
880 3805 3768 3973 In Lebensreihe Liebesbrünſtige ſahſt du nur,
897 3932 3863 4096 Entzündete zum kühnſten Wageſtück jeder Art.
880 4029 3886 4234 Schon Theſeus haſchte früh dich gierig aufgeregt,
880 4142 3906 4408 Starck wie Herakles, herrlich ſchön geformter Mann.
1920 4300 2432 4469 Helena.
942 4399 3802 4573 Entführte mich, ein zehenjährig=ſchlanckes Reh,
906 4495 3752 4674 Und mich umſchloß Aphidnus Burg in Attika.
1889 4618 2560 4817 Phorkyas.
928 4734 3754 4918 Durch Caſtor und durch Pollux bald befreyt,
906 4858 3880 5114 Umworben ſtandſt du ausgeſuchter Helden=Schaar.
1899 5002 2375 5140 Helena.
947 5073 3814 5304 Doch ſtille Gunſt vor allen, wie ich gern geſteh,
942 5201 3665 5452 Gewann Patroklus, des Peliden Ebenbild.
