4096 6144
3635 553 3860 752 9
1911 628 2522 815 Phorkyas
1070 747 3901 977 Dann gab der Vater dich dem tüchtigen Menelas,
1070 896 3875 1105 Dem kühnen Seedurchſtreicher, Hausbewahrer auch.
1945 1064 2409 1191 Helena
1044 1111 3921 1341 Die Tochter gab er, gab des Reichs Beſtellung ihm;
1024 1254 3932 1459 Aus ehlicher Bewohnung ſproßte dann Hermione.
1942 1402 2594 1580 Phorkyas.
1054 1484 3906 1684 Doch als er fern ſich Cretas Erbe kühn erſtritt,
1044 1628 3792 1839 Dir Einſamen erſchien ein allzuſchöner Gaſt.
1945 1795 2454 1914 Helena.
1034 1868 3932 2135 Warum gedenckſt du jener halben Wittwenſchaft?
1024 1996 3937 2278 Auch des Verderbens das mir gräslich draus erwuchs
1952 2153 2597 2324 Phorkyas.
952 2276 3703 2461 Auch jene Fahrt mir freygebohrnen Creterin
952 2396 3773 2636 Gefangenſchaft erſchuf ſie, lange Sclaverey.
1952 2594 2450 2727 Helena.
942 2647 3875 2887 Als Schaffnerin beſtellt er dich ſogleich hierher,
926 2790 3886 3036 Vertrauend vieles, Burg und kühn erworbnen Schatz.
1986 2976 2590 3143 Phorkyas.
952 3044 3700 3263 Die du verließeſt, Ilions umthürnter Stadt
945 3194 3874 3409 Und unerſchöpften Liebesfreuden zugewandt.
1993 3351 2488 3498 Helena.
928 3406 3891 3628 Gedencke nicht der Freuden! allzuherben Leids
914 3543 3840 3768 Unendliches ergoſſ ſich über Bruſt und Haupt.
1962 3734 2590 3918 Phorkyas.
911 3788 3927 4044 Doch, ſagt man, du erſchienſt ein doppeltes Gebild,
897 3976 3539 4171 In Ilion und in Egypten auch zugleich.
1972 4133 2385 4263 Helena
894 4201 3857 4369 Verwirre wüſten Sinnes Aberwitz nicht gar.
856 4338 3781 4546 Selbſt jetzo, welche denn ich ſey, ich weis es nicht.
1952 4478 2529 4625 Phorkyas.
877 4594 3874 4751 Dann ſagen ſie aus hohlem Schattenreich herauf
873 4700 3495 4877 Geſellte ſich inbrünſtig noch Achill zu dir
853 4819 3863 5021 Dich früher liebend gegen des Geſchicks Beſchluß.
1928 4939 2362 5075 Helena
884 5017 3601 5181 Ich, als Idol, ihm dem Idol verband ich mich.
815 5120 3778 5277 Es war ein Traum, ſo ſagen ja die Worte ſelbſt.
836 5225 3754 5416 Ich ſchwinde hin und werde ſelbſt mir ein Idol.
1532 5376 3635 5567 /: Sinckt dem Halbchor in die Arme :/
