4096 6144
3672 508 3826 689 13.
1133 764 3737 983 Und unerſteiglich feſte Burg ſich aufgethürmt,
1140 993 3795 1198 Von da ſie Land und Leute placken wie’s beliebt.
2177 1177 2611 1375 Helena.
1075 1307 3853 1529 Das konnten ſie vollführen? Ganz unmöglich ſcheints.
2167 1512 2577 1713 Phork.
1133 1658 3764 1890 Sie hatten Zeit, nun volle zwanzig Jahre ſinds.
2181 1877 2665 2051 Helena.
1136 1996 3840 2273 Iſt Einer Herr? ſinds Räuber viel Verbündtete?
2239 2211 2662 2416 Phork.
1157 2379 3925 2607 Nicht Räuber ſind es, einer aber iſt der Herr.
1140 2607 3935 2870 Ich ſchelt ihn nicht und wenn er ſchon mich heimgeſucht.
1157 2856 3911 3109 Wohl konnt er alles nehmen, doch begnügt er ſich
1153 3119 3853 3334 Mit wenigen Geſchenken, hieß es nicht Tribut.
2211 3355 2710 3549 Helena.
1157 3495 3928 3717 Wie ſieht er aus? Ich denke wild wie Cacus war
2222 3650 2652 3891 Phork.
2037 3778 3915 4017 Nicht übel! mir gefällt er ſchon.
1153 4075 3792 4266 Es iſt ein munterer, kecker, wohlgebildeter,
1136 4285 3962 4495 Verſtändiger Mann, wie unter Griechen wenig ſind.
1822 4413 2391 4582 das Volck
1177 4469 1464 4597 Man
1146 4510 3814 4751 Hier ſchilt man ſie Barbaren, doch ich dächte nicht
1126 4768 3884 4962 Daß einer grauſam wäre, wie vor Ilion
1126 4997 3973 5237 Gar mancher Held ſich menſchenfreſſeriſch bewies.
