4096 6144
1129 720 3177 918 Eröffnet mir ſie wieder, daß ich das Gebot
1136 962 3386 1170 Des Königes erfülle, wie der Gattin ziemt.
1140 1252 3488 1426 Laßt mich hinein! und alles bleibe hinter mir,
1160 1501 3491 1686 Was mich bisher und andere verworren hat.
1126 1747 3491 1935 Denn ſeit ich dieſe Schwelle ſorgenlos verließ,
1327 1908 1764 2092 Cytherens
1993 1921 2501 2075 beſuchend
1140 2013 3672 2208 Zu Kypris Tempel wandelnd, heilger Pflicht gemäß,
1112 2266 3672 2450 Mich aber dort ein Räuber griff, der phrygiſche,
1119 2525 3799 2710 Iſt viel geſchehen, was die Menſchen weit und breit
1129 2792 3491 2976 So gern erzählen, aber der nicht gerne hört
1689 2932 3013 3058 der Fabel ſeltenſte den
1122 3020 3911 3225 Von dem die ſeltne Fabel ihren erſten Urſprung nahm.
1102 3290 3536 3488 Genug! mit meinem Gatten bin ich hergeſchifft
1116 3532 3754 3737 Und bin von ihm zu ſeiner Stadt vorausgeſandt;
1112 3809 3519 4010 Doch welchen Sinn er hegen mag errath’ ich nicht.
1109 4034 3457 4259 Komm ich als Gattin? komm ich eine Königin?
1095 4287 3689 4509 Komm ich ein Opfer für des Fürſten bittern Schmerz
1095 4529 3682 4761 Und für der Griechen lang erduldetes Mißgeſchick?
1105 4809 3355 5034 Erobert bin ich, ob gefangen weiß ich nicht!
1092 5051 3505 5290 Denn Ruf und Schickſal gaben die Unſterblichen
