4096 6144
2923 2590 3164 3041 Chor.
3128 4520 3328 4751 17
2749 2053 2995 4510 Das Herz geht mir auf! o! ſeht nur dahin,
2611 2058 2805 4469 Wie ſittig herab, verweilenden Tritts,
2421 2053 2641 4469 Die holdeſte Schaar anſtändig bewegt
2247 2037 2493 4459 Geregelten Zug. Auf weſſen Befehl
2063 2068 2314 4531 Erſcheinen, gereiht, gebildet ſo früh,
1914 2104 2160 4879 Von Jünglingsknaben das herrliche Volk?
1730 2083 1945 4864 Was wundert mich mehr? ein zierlicher Gang,
1561 2037 1792 4474 Das lockige Haupt, die blendende Stirn,
1372 2068 1607 4700 Der Wängelein Paar wie Pfirſiche roth,
1203 2042 1423 4664 Und eben auch ſo mit Wolle bepflaumt.
998 2073 1254 4807 Gern biß ich hinein, doch ſchaudre’ ich davor;
849 2017 1075 4546 In ähnlichem Fall erfüllte der Mund
563 2042 911 4387 Sich, gräßlich zu ſagen, mit Aſche.
