4096 6144
3635 481 3875 665 12
1638 747 3502 942 Vor‿empfinden wirs die Armen,
1641 897 3433 1102 Zum entathmen zum erſticken,
1693 1047 3440 1256 Wenn du, Rhea, aller Götter
1696 1198 3611 1440 Hohe Mutter dich nicht erbarmſt.
2201 1409 2570 1617 Phork.
1085 1570 3785 1805 Habt ihr Geduld des Vortrags langgedehnten Zug,
2061 1723 2689 1853 Mancheley
1092 1798 3829 2027 Still anzuhören? Denn Geſchichten giebt’ss hier.
2167 2024 2471 2228 Chor.
1116 2146 3720 2406 Geduld genug! Zuhörend leben wir indeß.
2058 2339 2585 2585 Phork.
1082 2536 3911 2781 Dem der zu Hauſe verharrend ſeinen Schatz bewahrt
1387 2734 1781 2913 hoher
1100 2775 3824 3056 Und ſeiner Wohnung Mauern auszukitten weis,
1109 3041 3894 3273 So wie das Dach zu ſichern vor des Regens Drang,
1085 3307 3836 3505 Dem wird es wohlgehnnlange Lebenstage durch;
1122 3539 3915 3775 Wer aber ſeiner Schwelle heilige Richtſchnur leicht
1699 3829 1868 3927 igen
1100 3773 3793 4044 Mit flüchten Solen überſchreitet frevelhaft,
1099 4058 3874 4297 Der findet, wiederkehrend, wohl den alten Platz,
1102 4321 3857 4539 Doch umgeändert alles, wo nicht gar zerſtört.
2088 4510 2565 4756 Helena.
1153 4710 3853 4973 Wozu dergleichen wohlbekannte Sprüche hier!
2286 4850 3894 5072 rege nicht Verdrießlichs auf.
1157 5003 3918 5249 Du willſt erzählen, ſprich nicht andern zum Verdruß.
