4096 6144
3589 537 3742 706 5
1030 744 3392 976 Dem Ohr, kein Eilen des Geſchäftigen dem Blick;
1024 1003 3546 1208 Und keine Magd und keine Schaffnerinn erſchien,
3102 1223 3333 1351 rüß
1029 1244 3671 1505 Die jedem Fremden freundlich ſonſt begegnenden.
1017 1525 3495 1747 Als aber ich des Heerdes Buſen mich genaht,
1020 1771 3614 2013 Da ſah ich, bey verglommner Aſche lauhem Reſt,
1010 2020 3566 2242 Am Boden ſitzen ein verhülltes, großes Weib,
1006 2269 3700 2501 Der Sinnenden vergleichbar, nicht der Schlafenden.
1020 2563 3747 2771 Mit Herrſcherworten ruf ich ſie zur Arbeit auf,
983 2809 3741 3020 Die Schaffnerinn vermuthend, die, mir unbekannt,
996 3075 3580 3297 Des ſcheidenden Gemahles Vorſicht angeſtellt;
1000 3314 3246 3549 Doch eingefaltet ſitzt die Unbewegliche;
1000 3563 3846 3788 Nur endlich rührt ſie, auf mein Dräun, den rechten Arm,
1017 3816 3781 4055 Als wieſe ſie von Heerd und Halle mich hinweg.
1003 4082 3628 4324 Ich wende zürnend mich von ihr und eile gleich
1010 4317 3355 4553 Den Stufen zu, auf denen ſich der Thalamos
1003 4580 3409 4826 Und nah daran der königliche Schatz erhebt.
996 4826 3874 5068 Allein das Wunder reißt sich ſchnell vom Boden auf,
3365 5007 3532 5126 es
1003 5094 3558 5391 Gebietriſch mir den Weg vertretend, zeigte ſich
