4096 6144
855 773 3983 1044 Seh ich zu Hauf euch ſcheint mir ein Cicaden Schwarm
846 942 3604 1208 Herabzuſtürzen auf des Feldes grüne Saat.
846 1109 3799 1344 Verzehrerinnen fremden Fleißes! Naſchende
849 1269 3918 1505 Vernichterinnen aufgekeimten Wohlſtands ihr.
856 1416 3795 1648 Eroberte, verkauft, vertauſchte Waare du.
2044 1641 2532 1809 Helena.
890 1751 3973 2017 Wer in der Frauen Gegenwart die Mägde ſchilt,
887 1935 3307 2143 Beleidiget die Hoheit der Gebieterinn.
877 2078 3662 2300 Denn ihr gebührt allein das Lobenswürdige
873 2225 3819 2440 Zu rühmen und zu ſtrafen das Verwerfliche.
866 2358 3880 2546 Auch bin ich wohl zufrieden mit dem Dienſte den
877 2484 3584 2699 Sie mir geleiſtet als die Kraft von Ilion
870 2628 3925 2833 Die Hohe ſtand, und fiel und lag. Nicht weniger
860 2775 3945 2973 Als wir der Irrfahrt kummervolle Wechſelnoth
880 2911 3938 3133 Ertrugen, wo ſonſt jeder ſich der nächſte bleibt
880 3025 3973 3297 Auch hier erwart ich gleiches von der muntren Schaar.
855 3194 3962 3425 Nicht was der Knecht ſey fragt der Herr, nur wie er dient.
863 3365 3925 3556 Drum ſchweige du und grinſe ſie nicht länger an.
860 3461 3891 3732 Haſt du das Haus des Königs wohlverwahrt bisher,
846 3618 3723 3850 Anſtat der Hausfrau, dienet es zum Ruhme dir;
853 3768 3768 3983 Doch jetzo kommt ſie ſelber, tritt nun du zuruck,
836 3898 3590 4133 Damit nicht Strafe werde ſtatt des Lohnes. dir
1894 4075 2413 4305 Phorkas
2319 4049 2375 4193 y
866 4218 3645 4437 Den Hausgenoſſen drohen iſt ein groſſes Recht,
866 4375 3822 4570 Das eines gottbeglückten Herrſchers Gattinn ſich
873 4526 3860 4706 Durch langer Jahre weiſe Leitung wohl verdient.
907 4662 3502 4809 Da du nun, Anerkannte! neu den alten Platz
901 4771 3686 4928 Der Königlichen Hausfrau wiederum betrittſt,
928 4877 3795 5068 So faße längſt erſchlaffte Zügel, herrſche nun,
911 5007 3454 5218 Den Schatz nimm in Beſitz und uns dazu.
