4096 6144
1126 634 3362 839 Gelaſſen, mit der klugen alten Schaffnerinn.
1143 904 3444 1095 Die zeige dir der Schätze reiche Sammlung vor,
1170 1078 1518 1194 Wie ſie
1136 1160 3474 1327 Die einſt dein Vater hinterlies und die ich ſelbſt,
1133 1392 3747 1614 In Krieg und Frieden, ſtets vermehrend, aufgehäuft.
1133 1665 3440 1850 Du findeſt alles nach der Ordnung ſtehen. Denn
1126 1908 3464 2092 Das iſt des Fürſten Vorrecht daß er alles treu
1122 2170 3283 2375 In ſeinem Hauſe, wiederkehrend, finde, noch
2041 2355 2276 2474 jedes
1105 2443 3334 2624 An ſeinem Plätzen alles wie er es verlies.
1116 2693 3706 2887 Denn nichts zu ändern hat für ſich der Knecht Gewalt.
1129 2935 3590 3136 Wenn du nun alles nach der Ordnung durchgeſehn,
1116 3188 3805 3416 Dann nimm ſo manchen Dreyfuß als du nöthig glaubſt
1112 3437 3560 3676 Und mancherley Gefäße, die der Opfrer ſich
1105 3710 3744 3928 Zur Hand verlangt, um die Gebräuche zu vollziehn.
1085 3938 3628 4154 Die Keſſel und die Schaalen, wie das flache Rund.
1095 4191 3556 4416 Das reinſte Waſſer aus der heilgen Quelle ſeyferner ſey
2054 4386 2546 4522 ferner ſey
1116 4464 3618 4672 In hohen Krügen, wie das trockne Holz bereit
1095 4700 3737 4928 Das Flammen ſchnell empfangende ſey auch bereit,
1095 4959 3409 5218 Ein wohlgeſchliffnes Meſſer fehle nicht zuletzt;
