4096 6144
1920 696 2355 896 Phork.
1037 822 3505 1099 Haſt du vergeſſen wie er deinen Dheiphobus
1030 1085 3723 1320 Des todtgekämpften Paris Bruder, unerhört
1030 1334 3898 1580 Verſtümmelte, der dich die Wittwe ſich erſtritt
1054 1600 3915 1819 Und glücklich kebſte; Nas und Ohren ſchnitt er ihm ab
1047 1809 3539 2051 Und ſtümmelte ſo fort, ein Greuel wars.
2030 2034 2508 2249 Helena.
1054 2198 3631 2457 Das that er jenem, meinetwegen that er das.
2063 2391 2513 2636 Phork.
1051 2587 3816 2822 Um jenes willen wird er dir das Gleiche thun.
1037 2843 3819 3082 Untheilbar iſt die Schönheit; der ſie ganz beſaß
1041 3089 3764 3324 Zerſtört ſie lieber, fluchet jedem Theilbeſitz.
1669 3293 3778 3491 /: Trompeten in der Ferne. :/ Das Chor
1945 3409 3015 3568 fährt zuſammen :/
1085 3495 3891 3717 Wie der Trompete Schmettern Ohr und Eingeweid’
1024 3734 3809 3986 Zerreißend anfaßt alſo krallt ſich Eiferſucht
1068 3979 3894 4188 Im Buſen feſt des Mannes, der das nie vergißt
1058 4208 3846 4406 Was er beſaß und nun verlor und nicht beſitzt.
2157 4420 2508 4614 Chor.
1559 4584 3566 4775 Hörſt du nicht die Hörner ſchallen?
1563 4758 3420 4952 Siehſt der Waffen Blitze nicht?
2177 4922 2573 5143 Phork.
1549 5048 3584 5256 Sey willkommen Herr und König
1539 5263 3211 5444 Gerne geb ich Rechenſchaft.
