4096 6144
3665 573 3799 757 7
1570 897 2696 1105 Stehe länger, länger!
1559 1078 2693 1242 Und grinſ’ uns an.
1570 1211 2901 1385 Starre länger, länger!
1566 1334 3027 1498 Häßlicher wirſt du nur.
1556 1477 3157 1658 Ausgeburt du des Zufalls,
1556 1638 2689 1761 Du, verworrener,
1563 1710 2874 1897 Du erſchöpfter Krafft
1573 1863 2699 2054 Leidige hohle Brut.
2114 2088 2186 2211 y
1802 2068 2257 2324 Phorkas.
877 2232 3495 2440 Alt iſt das Wort, doch bleibet wahr und hoch der Sinn:
880 2358 3720 2536 Daß Schaam und Schönheit, nie zuſammen, Hand in Hand,
880 2464 3672 2655 Den Weg verfolgen, auf des Menſchen Lebenspfad.
866 2580 3631 2764 Tief eingewurzelt wohnet in beyden Alter=Haß,
884 2706 3485 2880 Und wenn ſie auf dem Wege ſich auch irgendwo
880 2792 3898 3003 Begegnen, jede ſogleich der Gegnerin den Rücken kehrt.
880 2925 3727 3116 Dann eilet jede wieder heftiger, weiter fort,
870 3034 3860 3229 Die Schaam betrübt, die Schönheit aber frech geſinnt,
856 3164 3751 3348 Bis ſie zuletzt des Orkus hohle Nacht umfängt,
870 3280 3792 3457 Wenn nicht das Alter ſie vorher vernichtet hat.
877 3392 3788 3594 Euch find ich nun ihr frechen, aus der Fremde her,
870 3515 3577 3700 Mit Uebermuth ergoſſen, gleich der Kraniche
863 3628 3874 3850 Laut, heißer klingendem Zug, der über unſer Haupt,
870 3758 3341 3969 Wie eine Wolke ziehend, krächzendes Getön
880 3877 3635 4075 Herabſchickt, das den ſtillen Wandrer über ſich
826 4007 3580 4194 Zu blicken lockt; doch ziehn ſie ihren Weg dahin,
826 4130 3822 4328 Er geht den ſeinen, alſo wirds mit uns geſchehn.
863 4239 3577 4468 Wer ſeyd denn ihr? daß ihr des Königs hohes Haus
843 4396 3925 4573 Mit der Mänaden wildem Getümmel umtönen dürft?
856 4512 3628 4720 Wer ſeyd ihr? daß ihr ſeiner ernſten Schaffnerinn
846 4655 3645 4826 Entgegenheulet, wie dem Mond der Hunde Schaar.
843 4792 3710 5003 Wähnt ihr daß ich nicht wiſſe welch Geſchlecht ihr ſeyd,
846 4949 3566 5140 Du kriegerzeugte, ſchlachterzogne, junge Brut.
880 5063 1013 5176 Du
839 5058 3548 5278 Dich männerluſtige, verführt verführende
856 5195 3904 5410 Krieger Entnervende des Kriegersund des Bürgers Kraft.
