4096 6144
2160 474 2341 665 #
3601 546 3805 648 ad 11
1075 686 3723 894 Genug ihr ſeyd verloren! Alſo friſch ans Werk.
1996 863 3481 1024 /: klatſcht in die Hände es
1768 1013 3573 1153 erſcheinen an der Pforte vermum„
1809 1109 3761 1303 te Zwerge, die ausgeſprochnen Be-
2563 1211 3590 1385 fehle ausführend :/
1061 1314 3447 1505 Herbey du düſtres, kugelrundes Ungethüm,
1075 1495 3894 1689 Wälzt euch hierher, zu ſchaden giebt es hier nach Luſt.
1054 1699 3642 1877 Dem Tragalter, dem goldgehörnten, gebet Platz,
1061 1863 3822 2034 Das Beil! es liege blinkend über dem Silberrand,
1088 2061 3553 2259 Die Waſſerkrüge füllet, abzuwaſchen giebts
1075 2256 3471 2461 Des ſchwarzen Blutes gräuliche Beſudelung.
1078 2474 3768 2658 Den Teppich breitet köſtlich hier am Staube hin,
1071 2635 3239 2826 Damit das Opfer niederknie königlich,
1099 2792 3628 2990 Und eingewickelt, zwar getrennten Haupts,
1064 2955 3618 3174 Anſtändig würdig aber doch beſtattet ſey.
2078 3119 2471 3314 Chorf.
1122 3259 3587 3450 Die Königin ſteht ſinnend an der Seite hier,
1873 3379 1996 3502 w
2375 3379 2682 3512 gleich
1111 3404 3865 3609 Die Mädchen Welken wie gemähtem Wieſengras;
1129 3580 3662 3734 Mir aber als der Älteſten geziemt es wohl
1495 3686 1669 3799 dir
1136 3696 3845 3916 Mit ihr zu ſprechen, Ururälteſte fürwahr.
1122 3870 3880 4065 Du biſt erfahren, weiſe, ſcheinſt uns gut geſinnt,
1119 4017 3884 4201 Ob ſchon verkennend hirnlos dieſe Schaar dich traf.
1119 4164 3860 4382 Drum ſage was du möglich noch von Rettung weißt.
