4096 6144
870 761 3000 983 In hagrer Größe, hohlen, blutigtrüben Blicks,
866 1027 3785 1204 Seltſamer Bildung, wie ſie Aug und Geiſt verwirrt.
856 1215 3307 1440 Doch red ich in die Lüfte; denn das Wort bemüht
894 1498 3628 1716 Sich nur umſonſt Geſtalten ſchöpfriſch aufzubauen.
918 1747 3549 1996 Da ſeht ſie ſelbſt! ſie waget ſich ans Licht heraus.
931 2017 3887 2218 Hier ſind wir Meiſter, bis der Herr und König kommt.
925 2273 3908 2508 Die grauſen Nachtgeburten drängt der Schönheitsfreund,
935 2542 3399 2757 Phöbus hinweg in Höhlen, oder bändigt ſie..
1921 2744 2215 2990 Chor.
1402 3048 3061 3259 Vieles erlebt ich, obgleich die Locke,
1409 3314 3389 3505 Jugendlich, wallet mir um die Schläfe!
1402 3563 3242 3781 Schreckliches hab ich vieles geſehen,
2754 3775 3068 3887 lions
1426 3809 3348 4041 Kriegriſchen Jammer, Ideons Nacht,
1430 4017 2324 4205 Als es fiel!
1443 4304 3403 4519 Durch das umwölkte, ſtaubende, Toſen,
1443 4491 3573 4669 Drängender Krieger hört ich die Götter
1447 4642 3676 4819 Fürchterlich rufen, hört ich der Zwietracht
1471 4782 3471 4990 Ehrene Stimme ſchallen durchs Feld,
1474 4899 2437 5135 Mauerwärts!
