4096 6144
3624 527 3747 762 4
1950 655 2903 916 Chorführerinn.
1061 839 3290 1037 Verlaſſet des Geſanges freudumgebnen Pfad
1051 1078 3584 1269 Und wendet zu der Thüre Flügeln euren Blick.
1085 1338 3587 1553 Was ſeh ich, Schweſtern! ſchreitet nicht die Königin,
1047 1617 3444 1812 Mit heftiger Bewegung, wieder zu uns her?
1068 1867 3280 2044 Was iſt es, große Königin? was konnte dir
1047 2085 3751 2300 In deines Hauſes Hallen, ſtatt der Deinen Gruß,
1051 2334 3355 2573 Erſchütterndes begegnen? Du verbirgſt es nicht;
1037 2614 3140 2802 Denn Widerwillen ſeh ich an der Stirne dir,
1051 2863 3611 3092 Ein edles Zürnen das mit Ueberraschung kämpft.
1940 3061 2432 3353 Helena.
1027 3256 3508 3488 Der Tochter Zeus geziemet nicht gemeine Furcht
1030 3491 3669 3744 Und flüchtig, leiſe Schreckenshand berührt ſie nicht;
1024 3758 3730 3990 Doch das Entſetzen, das dem Schoos der alten Nacht,
1034 4031 3420 4239 Von Urbeginn entſteigend, vielgeſtaltet noch
1054 4239 1274 4398 Wie
1013 4229 3742 4520 glühenden Wolken, aus des Berges Feuerſchlund,
1034 4512 3887 4771 Herauf ſich wälzt, erſchüttert auch des Helden Bruſt.
996 4795 3406 5000 So haben mir die Götter heute grauenvoll
989 5014 3744 5300 Den Eintritt in mein Haus bezeichnet, daß ich gern
