4096 6144
3589 501 3686 655 2
1054 672 3290 897 Zweydeutig mir, der Schönheit zu bedenklichen
1037 911 3444 1105 Begleitern, die mir an der Schwelle des Pallaſts,
1047 1174 3399 1385 Mit ihrer düſtern Gegenwart, zur Seite ſtehn.
1051 1443 3372 1652 Denn ſchon im hohlen Schiffe blickte der Gemahl
1051 1669 3519 1894 Mich ſelten an und redete kein freundlich Wort.
1061 1945 3611 2150 Als wenn er Unheil ſänne ſaß er gegen mir.
1051 2177 3235 2382 Nun aber als wir des Erotas tiefe Bucht
1054 2443 3273 2669 Hineingefahren und die erſten Schiffe kaum
1044 2689 3792 2932 Das Land berührten, ſprach er, wie vom Gott bewegt:
1017 2993 3604 3198 Hier ſteigen meine Krieger, nach der Ordnung, aus,
1489 3159 1628 3338 ſie
1034 3225 3276 3456 Ich muſtre, am Strand des Meeres hingereiht;
1020 3498 2990 3693 Du aber ziehe weiter, an des heiligen,
1041 3720 3276 3956 Befruchtenden Eurotas Ufer immer fort
1034 3966 3710 4188 Die Pferde lenkend auf der feuchten Wieſe Schmuck,
1745 4116 2073 4224 ſchönen
1049 4131 3389 4316 Biß du zur weiten Ebene gelangen magſt,
1061 4249 3416 4457 Wo Lakedämon einſt ein fruchtbar weites Feld,
1061 4430 1378 4601 Biß du
1037 4522 3334 4737 Von ernſten Bergen nah umgeben, angebaut.
1044 4751 3218 4976 Betrete dann das hochgebaute Fürſtenhaus
1653 4940 1838 5058 mir
1030 5031 3266 5249 Und muſtere die Mägde, die ich dort zurück
