4096 6144
1921 696 2314 884 Phork.
2553 740 3406 904 ein Vorwurf
1006 884 3560 1075 Es iſt geſchichtlich, keineswegs vorwürflich iſts.
1027 1140 3911 1331 Seeräuberiſch umſchiffte Menelas, von Bucht zu Bucht,
1034 1368 3706 1553 Geſtad und Inſeln, alles ſtreift er feindlich an,
1054 1614 3925 1778 Mit Beute wiederkehrend, wie ſie ſtdrinnen ſtarrt.
2682 1778 3082 1880 lange
1058 1829 3467 2058 Vor Ilion verbracht er zehen Jahre lang,
1030 2095 3795 2286 Zur Heimfahrt weis ich nicht wie viel es war.
2911 2232 3488 2355 Tyndareus
1047 2338 3539 2529 Allein wie ſteht es hier um um Laomedons
2717 2491 3201 2600 mit dem
1054 2554 3891 2805 Erhabenes Haus? wie ſteht es um das Reich umher?
1969 2809 2430 3003 Helena.
1034 3024 3816 3208 Iſt dir denn ſo das Schelten gänzlich einverleibt,
2211 3153 3072 3322 keine Lippe du
1039 3256 3901 3461 Daß ohne tadeln du den Mund nicht regen kannſt?
1966 3450 2375 3660 Phork.
1068 3672 3525 3867 So viele Jahre ſtand verlaſſen das Gebirg,
1088 3915 3723 4078 Das hinter Sparta nordwärts hin ſich zieht,
1122 4044 1641 4201 Taygetes
2884 4037 3099 4160 als
1112 4133 3877 4345 Taygetes im Rücken, wo erſt rauſchender Bach
3058 4321 3259 4430 durch
1112 4389 3915 4567 Sich der Eurotas herſtürzt, eh er zu unſerm Thal,
1181 4519 1351 4700 An
2194 4529 2778 4683 hinfließend
1102 4642 3904 4812 Durch Rohren breiterziehend, eure Schwäne nährt.
1092 4857 3676 5041 Dort hinten im Gebirge hat ein kühnes Volk,
2877 4986 3512 5150 cimmeriſcher
1116 5099 3857 5304 Sich angeſiedelt, dringend aus chim̄äriſcher Nacht,
