4096 6144
1041 802 3836 1013 Ich acht auf ſeine Großmuth, ihm vertraut ich mich.
1024 1024 3840 1259 Und ſeine Burg! die ſoltet ihr mit Augen ſehn,
1017 1276 3880 1491 Das iſt was anders gegen plumpes Mauerwerck,
1006 1515 3884 1693 Das eure Väter, mir nichts dir nichts, aufgewälzt,
1020 1764 3826 1976 Cyklopiſch wie Cyclopen, rohen Stein ſogleich
996 2007 3880 2232 Auf rohe Steine ſtürzend. Dort hingegen, dort
1034 2259 3822 2481 Iſt alles ſenk= und waagerecht und regelhaft.
1030 2505 3884 2730 Schaut ſie von auſſen, him̄elan ſtrebt ſie empor,
1044 2744 3785 2993 So ſtarr, ſo wohl in Fugen glatt wie Stahl,
1088 2938 1320 3102 Zu
1428 2923 1582 3066 k
993 3020 3860 3251 Kein Klettern hier ſelbſt der Gedanke gleitet ab.
1054 3283 3744 3491 Und innen großer Höfe Räumlichkeiten, rings
2672 3466 3246 3594 aller Art
1054 3502 3860 3763 Mit Baulichkeit umgeben, da ſeht ihr und Zweck.
1068 3778 3812 3956 Da ſeht ihr Säulen, Säulchen, Bogen, Bögelchen,
1121 3901 1602 4044 Altane
3317 3925 3556 4048 und
1070 3983 3737 4259 Und Gallerien umzuſchauen heraus herein.
1075 4290 2010 4488 Und Wappen!
2129 4474 2635 4696 Chorf.
1682 4659 2850 4857 Was ſind Wappen?
2186 4833 2647 5038 Phork.
2522 5003 3631 5191 Ajax führte ja
1044 5198 3891 5427 Geſchlungene Schlang’en im Schilde, das gedenkt ihr noch;
