4096 6144
935 795 3457 1017 Von oft betretner, lang erſehnter Schwelle mich,
931 1047 3679 1262 Gleich einem Fremden, ſcheidenden entfernen mag.
952 1320 3925 1539 Doch nein! gewichen bin ich her, ans Licht, und weiter ſollt
925 1573 3710 1812 Ihr mich nicht treiben, Mächte, wer ihr immer ſeyd.
965 1822 3246 2044 Auf Weihe will ich ſinnen und, gereinigt, ſoll
948 2078 3799 2307 Des Heerdes Gluth die Frau begrüßen und den Herrn.
2058 2372 2385 2553 Chor.
986 2573 3143 2795 Entdecke deinen Dienerinnen, edle Frau,
983 2870 3604 3072 Die dir verehrend beyſtehen, was begegnet iſt.
2044 3102 2600 3290 Helena.
986 3256 3594 3461 Was ich geſehen, ſollt ihr ſelbſt mit Augen ſehen,
989 3495 3433 3717 Wenn ihr Gebilde nicht die alte Nacht ſogleich
983 3737 3751 3969 Zurückgeſchlungen, in den Tiefen Wunderſchoos.
979 3983 3788 4205 Doch daß ihrs wiſſet, ſag ichs euch mit Worten an:
952 4194 3403 4423 Als ich des königlichen Hauſes Tiefe nun,
955 4471 3751 4727 Der nächſten Pflicht gedenkend, feyerlich betrat,
969 4785 3307 4969 Erſtaunt’ ich ob dem öden, weiten Hallenraum.
952 5007 3269 5246 Kein Schall der emſig wandelnden begegnete
