4096 6144
1969 617 2389 802 Helena.
1051 887 3519 1088 Vom Strande komm ich, wo wir erſt gelandet ſind,
1054 1129 3447 1361 Noch immer trunken von der Woge ſchaukelndem
1058 1413 3317 1634 Bewegen, die vom phrygiſchen Gefild uns her,
1375 1597 1716 1730 ſtraubig
1061 1658 3341 1880 Auf ihrem hohem Rücken, mit Poſeidons Gunſt
1068 1897 3423 2106 Und Euros Krafft, an heimiſches Geſtade trug.
1044 2167 3461 2362 Dort unten freut ſich nun der König Menelas
1037 2423 3597 2641 Der Rückkehr, mit den tapferſten der Krieger ſich.
1034 2679 3457 2901 Du aber heiße mich willkommen, hohes Haus,
2959 2880 3232 2983 Hange
1030 2935 3396 3147 Das Tyndareus, mein Vater, an dem Fuße ſich
1054 3188 3345 3423 Von Pallas Hügel, wiederkehrend, aufgebaut,
1044 3461 3563 3672 Und als ich hier, mit Clytemneſten, ſchweſterlich,
1041 3713 3758 3915 Mit Caſtor und mit Pollux, fröhlich ſpielend, wuchs,
1061 3956 3771 4188 Vor allen Häuſern Spartas, herrlich ausgeſchmückt.
1034 4188 3563 4464 Seyd mir gegrüßt der ehrnen Pforte Flügel ihr,
1047 4464 3444 4669 Durch deren weit einladendes Eröffnen einſt
1044 4706 3467 4939 Der mir aus vielen Auserwählten Menelas,
1037 4990 3334 5242 In Bräutigams Geſtalt entgegen leuchtete.
