4096 6144
1607 614 3153 785 Ja auf einmal wird es düſter,
1576 754 3246 904 Ohne Glanz entſchwebt der Nebel
1597 870 3170 1027 Dunkelgrau und Mauergrau.
1604 1020 3201 1174 Mauern ſtellen ſich dem Blicke
2590 1116 2667 1213 r
1607 1141 3210 1315 Freyem Blicke ſtark entgegen;
1614 1266 3222 1443 Iſts ein Hof? iſts tiefe Grube?
1621 1413 2986 1529 Schauerlich in jedem Falle!
1621 1525 3362 1703 Schweſtern ach! wir ſind gefangen
1624 1679 3010 1839 So gefangen wie nur je.
2048 1822 2406 1993 Chorf.
1119 1935 3645 2153 Vorſchnell und thörig, ächt wahrhaftes Weibsgebild!
1119 2102 3655 2293 Vom Augenblick abhängig, Sklaven jeder Witterung
1105 2242 3655 2443 Des Glücks und Unglücks, keins von beiden wißt ihr je
1131 2370 3701 2595 Gleichmüthig zu beſtehen. Eine widerſpricht der andern heftige
1140 2532 3532 2703 Der andern heftig, überquer die andern ihr;
1141 2647 3691 2856 In Freud und Schmerz nur heult ihr und lacht ihr glei„
3051 2764 3548 2877 ches Tons.
1163 2860 3652 3013 Nun ſchweigt! und wartet horchend was die Herrſcherin
1177 2959 3403 3143 Hochſinnig hier beſchließen mag für ſich und uns.
1959 3072 2327 3269 Helena.
1116 3201 3297 3389 Wo biſt du Pythoniſſa? heiße wie du magſt,
1088 3345 3665 3525 Aus dieſen Gewölben tritt hervor der düſtern Burg.
1099 3498 3563 3648 Gingſt du voraus dem wunderbaren Heldenherren
1105 3631 3481 3792 Mich anzukündigen, Wohl‿Empfang bereitend mir,
1116 3751 3300 3918 So habe Dank und führe ſchnell mich zu ihm ein.
3454 3836 3655 3935 nur.
1105 3870 3676 4085 Beſchluß der Irrfahrt wünſch ich, Ruhe wünſich ich mir.
2044 4041 2382 4218 Chorf.
1129 4198 3382 4362 Vergebens blickſt du Königin allſeits herum,
1126 4348 3508 4505 Verſchwunden iſt die Häßliche, ſie blieb vielleicht
1136 4498 3532 4638 Im Nebel dort, aus deſſen Buſen wir hierher
1109 4631 3652 4771 Ich weiß nicht wie gekom̄en, Schnell und ohne Schritt.
1119 4816 3570 4969 Vielleicht auch irrt ſie zweifelhaft im Labyrinth
1140 4959 3638 5123 Der wunderſam zerſtückelt=eins‿gewordnen Burg
1143 5099 3621 5277 Den Herrn erfragend fürſtlicher Begrüßung halb.
1163 5263 3430 5430 Doch ſieh dort oben reget ſich in Menge ſchon
1170 5410 3485 5567 In Galerien, am Fenſter, in Portalen raſch
1170 5543 3515 5734 Sich hin und her bewegend viele Dienerſchaft;
1184 5707 3553 5870 Das kündet an vornehm=willkom̄enen Empfang
