4096 6144
2145 614 3491 890 /: nach einer Pauſe feyerlich :/
1751 764 2887 983 Anax./: feyerlich :/
1088 931 3283 1109 Konnt ich bisher die Unterirdiſchen loben,
1082 1071 3160 1252 So wend ich mich in dieſem Fall nach oben.
1054 1208 2831 1418 Du droben ewig unveraltete,
1051 1375 2894 1553 Dreynahmig=Dreygeſtaltete,
1075 1489 3138 1710 Dich ruf ich an bey meines Volkes Weh,
1059 1648 2544 1832 Diana, Luna, Hekate.
1095 1826 3232 1993 Du Bruſterweiternde, im Tiefſtensinnige,
1075 1979 3143 2146 Du Ruhigſcheinende, Gewaltſaminnige,
1119 2106 3201 2273 Eröffne deiner Schatten grauſen Schlund
1112 2256 3099 2433 Die alte Macht ſey ohne Zauber kund.
1745 2426 2242 2636 /: Pauſe :/
1474 2611 2734 2802 Bin ich zu ſchnell erhört!
1518 2771 2430 2918 Hat mein Flehn
1508 2897 2478 3068 Nach jenen Höhn
1515 3005 3133 3210 Die Ordnung der Natur geſtört?
1126 3205 3164 3394 Und größer im̄er größer nahet ſchon
1116 3348 3189 3537 Der Göttin rundumſchriebner Thron.
1122 3515 2932 3700 Dem Auge furchtbar ungeheuer.
1141 3671 3194 3865 Ins düſtre röthet ſich ſein Feuer...
1140 3805 3314 3990 Nicht näher! drohend mächtige Runde!
1126 3937 3415 4131 Dich richteſt uns und Land und Meer zu Grunde.
1269 4157 3488 4331 So wär es wahr daß dich Theſſaliſche Frauen, –
1152 4285 3123 4474 In frevlend magiſchem Vertrauen,
1136 4428 3153 4608 Von deinem Pfad herabgeſungen
1163 4584 3153 4747 Verderblichſtes dir abgerungen....
1129 4724 3072 4898 Das lichte Schild hat ſich umdunkelt
1129 4867 3341 5055 Auf einmal reißt’s und blitzt und funkelt,
