4096 6144
1853 808 3215 1003 Meph./ umherſpürend :/
1689 926 3292 1116 dieſe Feuerchen durchſchweife,
1126 1034 3281 1198 Und wie ich ſpürend hin und wieder ſchweife,
1129 1160 3304 1331 So find ich mich doch ganz und gar entfremdet,
1105 1274 3210 1459 Faſt alles nackt, nur hie und da behemdet,
1111 1413 3409 1602 Die Sphynxe ſchamlos, unverſchämt die Greife,
1140 1570 3205 1733 Und was nicht alles, lockig und beflügelt,
1143 1696 3508 1887 Von vorn und hinten ſich im Auge ſpiegelt....
1116 1856 3546 2054 Zwar ſind auch wir von Herzen unanſtändig,
1136 1986 3072 2196 Doch das Antike find’ ich zu lebendig;
1141 2129 3517 2334 Das müſte man mit neuſtem Sinn bemeiſtern,
1170 2304 3338 2467 Und mannigfaltig modiſch überkleiſtern;
1153 2447 3601 2631 Ein widrig Volk! doch darf michs nicht verdrießen
1133 2597 3597 2771 Als neuer Gaſt anſtändig ſie zu grüßen....
1174 2744 3648 2959 Glück zu den ſchönen Frau’n, den klugen Greiſen!
1962 2932 3150 3130 Greif. /: ſchnarrend :/
2978 3005 3220 3141 hört
1187 3072 3609 3297 Nicht Greiſen! Greifen! – Niemand hat es gern
1194 3232 3584 3433 Daß man ihn Greis nennt. Jedem Worte klingt
1187 3396 3467 3587 Der Urſprung nach wo es ſich her bedingt:
1211 3543 3607 3747 Grau, grämlich, griesgram, gräulich, Gräber, grim̄ig,
1194 3700 3112 3891 Etymologiſch gleicherweiſe ſtimmig,
1221 3846 2252 4027 Verſtimmen uns.
2068 3993 2392 4154 Meph.
2013 4116 3601 4276 Und doch, nicht abzuſchweifen,
1198 4256 3505 4447 Gefällt das Grei im Ehrentitel Greifen.
3276 4352 3604 4490 fort
2022 4423 3614 4582 Greif. /: wie oben und immerfort :/
1208 4549 3194 4744 Natürlich! die Verwandtſchaft iſt erprobt,
1194 4686 3211 4884 Zwar oft geſcholten, mehr jedoch gelobt;
1225 4812 3491 4990 Man greife nun nach Mädchen, Kronen, Gold,
1228 4918 3345 5126 Dem greifenden iſt meiſt Fortuna hold.
