4096 6144
1361 808 3252 986 Lamien. /: den Mephiſto in der Ebene
2235 938 3095 1112 nach ſich ziehend :/
1208 1044 2493 1228 Geſchwind, geſchwinder!
1211 1208 2450 1324 Und immer weiter!
1215 1358 2519 1501 Dann wieder zaudernd,
1239 1508 2508 1682 Geſchwätzig plaudernd,
1249 1653 2135 1848 Es iſt ſo heiter
1245 1819 2344 1935 Den alten Sünder
1269 1972 2324 2129 Uns nach zu ziehen,
1259 2106 2399 2286 Zu ſchwerer Buße.
1262 2269 2324 2450 Mit ſtarrem Fuße
1242 2443 2396 2624 Kom̄t er geholpert
1276 2607 2368 2781 Einher geſtolpert,
1269 2744 2350 2959 Er ſchleppt das Bein,
1259 2935 2372 3116 Wie wir ihn fliehen
1262 3102 2310 3246 Uns hinterdrein.
1587 3246 2761 3461 Meph. /: ſtilleſtehend :/
1054 3467 3024 3659 Verflucht Geſchick! Betrogne Manſen!
1058 3662 2962 3819 Von Adam her verführte Hanſen!
1064 3843 2969 3983 Alt wird man wohl, wer aber klug?
1061 4007 3051 4164 Warſt du nicht ſchon vernarrt genug.
875 4183 3271 4367 Man weis das Volk taugt aus dem Grunde nichts;
880 4352 3157 4522 Geſchnürten Leibs, geſchminkten Angeſichts.
887 4509 3133 4669 Nichts haben ſie geſundes zu erwiedern
897 4669 3225 4819 Wo man ſie anfaßt, morſch in allen Gliedern.
897 4816 3194 4969 Man weis, man ſiehts, man kann es greifen
890 4956 3150 5120 Und dennoch tanzt man wen̄ die Luder pfeifen.
