4096 6144
1761 819 2222 1029 Sphynxe.
1259 989 2744 1184 Nöthigt ſie herabzuſteigen
1266 1133 2952 1303 Sie verbergen in den Zweigen
1426 1293 2993 1454 Ihre garſtigen Habichtskrallen,
1286 1433 2751 1614 Euch verderblich anzufallen
1303 1587 2949 1764 Wenn ihr euer Ohr verleiht.
2327 1747 2658 1870 heran
1812 1819 2914 2003 Fauſt. /: auftretend :/
965 1979 3392 2157 Wie wunderbar! das Anſchaun thut mir Gnüge,
965 2116 3130 2310 Im Widerwärtigen große tüchtige Züge.
979 2266 2949 2464 Ich ahne ſchon ein günſtiges Geſchick;
988 2380 3184 2595 Wohin verſetzt mich dieſer ernſte Blick!
1710 2519 2954 2739 /: Auf Sphynxe bezüglich :/
993 2696 3235 2891 Vor ſolchen hat einſt Oedipus geſtanden.
1730 2853 2764 3027 /: Auf Sirenen bez. :/
1003 2979 3372 3205 Vor ſolchen krüm̄te ſich Ulyſſ in hänfnen Banden.
1710 3174 2836 3379 /: Auf Ameiſen bez :/
1003 3321 3287 3566 Von ſolchen ward der höchſte Schatz geſpart.
1723 3515 2652 3700 /: Auf Greife bez :/
1003 3630 3174 3855 Von dieſen treu und ohne Fehl bewahrt,
989 3816 3461 4037 Vom friſchen Geiſte fühl ich mich durchdrungen,
1003 3962 3261 4188 Geſtalten groß, groß die Erinnerungen.
1853 4096 2099 4256 Meph.
998 4131 3310 4367 Sonſt hätteſt du dergleichen weggeflucht,
989 4334 3119 4543 Doch jetzo ſcheint es dir zu from̄en;
1003 4512 2938 4689 Denn wo man die Geliebte ſucht
1020 4686 2938 4930 Sind Ungeheuer ſelbſt willkom̄en.
1699 4797 2083 4940 Fauſt.
1745 4802 2790 4997 /: zu den Sphynxen :/
1029 4904 3133 5114 Ihr Frauenbilder müßt mir Rede ſtehn:
1044 5058 3130 5246 Hat eins der Euren Helena geſehn?
