4096 6144
1426 764 3198 979 Ameiſen. /: von der colloſſalen Art :/
829 957 3153 1182 Ihr ſprecht von Gold, wir hatten viel geſam̄elt,
778 1116 3087 1305 In Fels und Höhlen heimlich eingerammelt;
812 1259 2942 1450 Das Arimaspen Volk hat’s ausgeſpürt,
826 1416 3170 1594 Sie lachen dort, wie weit ſies weggeführt.
1617 1614 2102 1798 Greife.
829 1754 3235 1949 Wir wollen ſie ſchon zum Geſtändniß bringen.
1590 1959 2286 2119 Arimaspen.
863 2109 2689 2290 Nur nicht zur freyen Jubelnacht.
1822 2211 2467 2344 alles durch
860 2257 2892 2447 Bis morgen iſts weiterweg gebracht,
865 2406 2887 2616 Es wird uns diesmal wohlgelingen.
1607 2575 3230 2805 Meph. /: hat ſich zwiſchen die Sphynxe
2423 2762 2974 2918 geſetzt :/
880 2810 3169 3087 Wie leicht und gern ich mich hierher gewöhne,
884 3000 2860 3174 Denn ich verſtehe Mann für Mann.
1643 3153 2140 3374 Sphynx.
890 3362 2662 3539 Wir hauchen unſre Geiſtertöne
894 3525 2819 3703 Und ihr verkörpert ſie alsdann.
870 3681 3169 3886 Jetzt nenne dich bis wir dich weiter kennen.
1662 3880 2030 4061 Meph.
853 4048 3170 4222 Mit vielen Nahmen glaubt man mich zu nen̄en Mit vielen Nahmen glaubt man mich zu nen̄en –
839 4162 3133 4398 Sind Britten hier? Sie reiſen ſonſt ſoviel,
834 4326 3143 4582 Schlachtfeldern nachzuſpüren, Waſſerfällen,
843 4526 3211 4737 Geſtürzten Mauern, klaſſiſch dumpfen Stellen;
829 4648 3092 4874 Das wäre hier für ſie ein würdig Ziel.
853 4826 3119 5021 Sie zeugten auch: Im alten Bühnen Spiel
829 4945 2867 5254 Sah man mich dort als old Iniquity.
1633 5079 2058 5263 Sphinx.
839 5130 1740 5304 Wie kam man drauf?
1664 5237 1868 5396 Meph
1868 5232 3169 5432 Ich weis es ſelbſt nicht wie.
