4096 6144
1725 793 2160 967 Nereus.
942 1000 3416 1157 Sinds Menſchenſtimmen die mein Ohr vernimmt?
952 1153 3447 1327 Wie es mir gleich im tiefſten Herzen grimmt.
948 1307 3215 1467 Gebilde, ſtrebſam, Götter zu erreichen
948 1467 3454 1624 Und doch verdammt ſich im̄er ſelbſt zu gleichen.
925 1611 3153 1781 Seit alten Jahren, konnt ich göttlich ruhn
945 1764 3211 1928 Doch trieb michs an den Beſten wohlzuthun
942 1918 3454 2095 Und ſchaut ich dann zuletzt vollbrachte Thaten
931 2088 3362 2259 So war es ganz als hätt ich nicht gerathen.
1747 2256 2174 2426 Thales.
921 2375 3471 2560 Und doch o Greis des Meers vertraut man dir,
948 2556 3416 2710 Du biſt der Weiſe, treib uns nicht von hier.
926 2708 3343 2887 Schau dieſe Flam̄e, menſchenähnlich zwar,
938 2877 3324 3075 Sieh deinem Rath ergiebt ſich ganz und gar.
1737 3092 2300 3211 Nereus.
935 3232 3437 3426 Was Rath! Hat Rath beym Menſchen je gegolten
931 3389 3310 3573 Ein kluges Wort erſtarrt im harten Ohr
925 3539 3457 3747 So oft auch That ſich grimmig ſelbſt geſcholten
928 3713 3433 3891 Bleibt doch das Volk ſelbſtwillig wie zuvor.
928 3884 3170 4072 Wie hab’ ich Paris väterlich gewarnt,
938 4031 3420 4232 Eh ſein Gelüſt ein fremdes Weib umgarnt.
948 4218 3314 4399 Am griechiſchen Ufer ſtand er kühnlich da,
1612 4326 1725 4485 ich
983 4346 1187 4495 Ihm
931 4377 3179 4592 Ich kündete ihm was ich im Geiſte ſah:
911 4546 3240 4736 Die Lüfte qualmend, überſtrömend roth,
945 4720 3174 4887 Gebälke glühend, unten Mord und Tod.
962 4864 3328 5063 Trojas Gerichtstag, rhytmiſch feſtgebannt,
959 5017 3218 5205 Jahrtauſende ſo ſchrecklich als gekannt.
