4096 6144
1600 177 1914 389 Meph.
1013 256 3384 537 Da muß ich mich durch ſteile Felſentreppen,
1018 399 3353 640 Durch alter Eichen ſtarre Wurzeln ſchleppen.
1008 501 2974 716 Auf meinem Harz der harzige Dunſt
983 619 3368 865 Hat was vom Pech und das hat meine Gunſt;
911 742 3328 1013 Zunächſt der Schwefel.... Hier bey dieſen Griechen
962 860 3322 1121 Iſt von dergleichen kaum die Spur zu riechen,
989 993 3044 1208 Neugierig aber wär ich nachzuſpüren,
967 1085 3384 1361 Womit ſie Höllenqual und Flamme ſchüren.
1607 1264 2150 1428 Dryas
952 1351 3389 1633 In deinem Lande ſey einheimiſch klug,
916 1469 3374 1745 Im fremden biſt du nicht gewandt genug.
957 1566 3358 1873 Du sollteſt nicht den Sinn zur Heimath kehren,
952 1699 3358 1991 Der Heiligen Eichen Würde hier verehren.
1776 1879 2242 2073 Meph.
931 1935 3351 2208 Man denckt an das was man verließ,
925 2095 3338 2344 Was man gewohnt war bleibt ein –
2457 2191 3189 2426 Paradies.
1177 2379 2973 2522 Doch ſagt: was in der Höhle dort,
1184 2501 3293 2679 Bey ſchwachem Licht, ſich dreyfach hingekauert?
1836 2662 2245 2802 Dryas.
1167 2737 3072 2942 Die Phorkyaden! Wage dich zum Ort,
1194 2880 3140 3075 Und ſprich ſie an, wenn dich nicht ſchauert.
1860 3027 2170 3194 Meph.
1198 3126 3249 3331 Warum denn nicht! – Ich ſehe was, und ſtaune.
1177 3280 3191 3474 So ſtolz ich bin muß ich mir ſelbſt geſtehn
1184 3433 2819 3618 Dergleichen hab’ ich nie geſehn,
1181 3560 3222 3730 Die ſind ja ſchlimmer als Alraunen....
1198 3693 3174 3863 Wird man die urverworfnen Sünden
1204 3843 2945 4014 Im mindeſten noch häßlich finden,
1211 3976 3140 4164 Wenn man dies Dreygethüm erblickt?
2565 4080 2749 4188 den
1203 4116 3266 4316 Wir litten ſie nicht auf der Schwellen
2600 4234 2974 4382 unſrer
1305 4254 1500 4382 Der
1192 4290 3097 4485 Zu unſrer grauenvollſten Höllen.
1274 4408 1474 4526 Hier
1228 4408 3230 4628 Nun wurzelts in der Schönheit Land,
1194 4597 3351 4747 Das wird mit Ruhm antik genannt....
1208 4737 3297 4908 Sie regen ſich, ſie ſcheinen mich zu ſpüren.
1204 4877 3409 5065 Sie zwitſchern pfeipfend, Fledermaus=Vampyren.
