4096 6144
1580 757 2003 959 Phork.
921 935 3314 1143 Gebt mir das Auge, Schweſtern, daß es frage,
931 1099 3184 1317 Wer ſich ſo nah an unſre Tempel wage.
1665 1293 2020 1467 Meph.
931 1416 3150 1641 Verehrteſte! Erlaubt mir euch zu nahen
928 1576 3150 1788 Und euren Segen dreyfach zu empfahen.
890 1733 3157 1925 Altwürdige Götter hab ich ſchon erblickt,
904 1887 3174 2102 Vor Ops und Rhea tiefſtens mich gebückt,
2667 1986 2918 2129 Eure
901 2061 3280 2259 Die Parzen ſelbſt, des alten Chaos, Schweſtern,
890 2235 3133 2450 Ich ſah ſie – gestern – oder ehegeſtern;
887 2399 3095 2600 Doch eures Gleichen hab ich nie erblickt,
921 2513 3220 2795 Ich ſchweige nun und fühle mich entzückt.
1662 2720 2406 2925 Phorkyaden.
928 2870 3266 3102 Er ſcheint Verſtand zu haben dieſer Geiſt.
1693 3082 2092 3273 Meph.
962 3211 3345 3409 Nur wunderts mich daß euch kein Dichter preiſt.
952 3374 3312 3578 Und ſagt! wie kams, wie konnte das geſchehn?
952 3522 3312 3732 Im Bilde hab’ ich nie euch Würdigſte geſehn;
952 3676 3281 3886 Verſuchs der Meiſel doch euch zu erreichen,
931 3826 3310 4048 Nicht Juno, Pallas, Venus und dergleichen.
1653 3978 2155 4208 Phork.
952 4147 3317 4331 Verſenkt in Einſamkeit und ſtillſte Nacht
962 4295 3302 4531 Hat unſer Drey noch nie daran gedacht.
1751 4509 2068 4652 Meph.
1003 4648 3130 4836 Wie ſollt es auch? da ihr, der Welt enrückt,
1003 4802 3061 4983 Hier niemand ſeht und niemand auch erblickt.
