4096 6144
1679 846 2037 1017 Meph.
936 998 2073 1249 Viel Ehr! Es ſey!
1669 1181 2061 1358 Phork.
1832 1300 2355 1530 Es ſey!
1696 1498 3399 1693 Meph. /: als Phorkyas im Profil :/
2164 1689 3164 1860 Da ſteh ich ſchon,
1003 1815 3000 2003 Des Chaos vielgeliebter Sohn!
1710 2003 2157 2208 Phork.
1013 2167 3351 2375 Des Chaos Töchter ſind wir unbeſtritten.
1747 2355 2160 2532 Meph.
1061 2505 3420 2723 Man ſchilt mich nun: O Schmach! Hermaphroditen!
1785 2689 2177 2904 Phork.
1024 2810 3394 3082 Im neuen Drey der Schweſtern welche Schöne!
1044 2995 3379 3271 Wir haben zwey der Augen, zwey der Zähne.
1768 3194 2529 3389 Meph. /: laut :/
1090 3374 3251 3568 Vor aller Augen muß ich mich verſtecken,
1119 3536 3406 3706 Im Höllenpfuhl die Teufel zu erſchrecken.
1105 3672 3170 3840 Ich eile nun und ſuch im vollem Lauf
1075 3804 3189 3998 Der neuſten Tage kühnſten Meiſel auf
1105 3969 3423 4160 Mit Gott und Göttin laßt eus dann gefallen
1112 4133 3365 4314 Geſellt zu ſtehn in heiligen Tempelhallen.
2104 4270 3056 4428 /: zum Parterre :/
1082 4399 3351 4567 Vor aller Augen muß ich mich verſtecken
1105 4556 3372 4747 Im Hollenpfuhl die Teufel zu erſchrecken.
