4096 6144
1653 808 2933 1013 Lamien. /: inne haltend :/
1146 1041 2928 1221 Halt! er beſinnt ſich zaudert, ſteht;
1146 1181 3109 1378 Entgegnet ihm daß er euch nicht entgeht.
1740 1351 3123 1556 Mephiſt. /: fortſchreitend :/
1440 1532 3044 1703 Hör auf und laß dich ins Gewebe
1419 1686 3024 1877 Der Zweifeley nicht thörig ein,
1423 1853 3037 2003 Denn wenn es keine Hexen gäbe
1460 1976 3037 2174 Wer Teufel möchte Teufel ſeyn.
1669 2160 2964 2406 Lamien. /: anmuthigſt :/
1351 2360 2959 2529 Kreiſen wir um dieſen Helden;
1382 2532 2856 2676 Liebe wird in ſeinem Herzen
1396 2665 2829 2829 Sich gewiß für Eine melden.
1778 2843 2150 3000 Meph.
1389 2976 3000 3150 Zwar mit ungewiſſen Schim̄er
1402 3119 3051 3304 Scheint ihr hübſche Frauenzim̄er
1399 3269 3000 3440 Und ſo möcht’ ich euch nicht ſchelten.
1730 3437 3044 3621 Empuſe./: eindringend :/
1399 3590 2908 3758 Auch nicht mich als eine ſolche,
1399 3751 2884 3918 Laßt’ mich ein in eure Folge.
1768 3901 2215 4048 Lamien.
1402 4065 3051 4208 Die iſt in unſerm Kreis zuviel,
1375 4198 3000 4348 Verdirbt doch im̄er unſer Spiel.
1788 4348 2979 4526 Empuſe /: zu Mephiſto :/
1375 4505 2990 4666 Begrüßt von Mühmichen Empuſe,
1367 4623 3010 4797 Der Trauten mit dem Eſelsfuße;
1361 4788 2990 4959 Du haſt nur einen Pferdefuß
1375 4935 3211 5133 Und doch Herr Vetter ſchönſten Gruß.
