4096 6144
3261 670 3415 798 12
1556 803 2012 989 Thales.
1030 955 3321 1153 Es fragt um Rath, und möchte gern entſtehn.
1037 1146 2932 1293 Er iſt, wie ich von ihm vernom̄en,
1010 1262 3399 1454 Gar wunderſam nur halb zur Welt gekom̄en.
1027 1423 3379 1617 Ihm fehlt es nicht an geiſtigen Eigenſchaften
996 1576 3341 1781 Doch gar zu ſehr am Greiflich Tüchtighaften.
1020 1737 3321 1931 Bis jetzt giebt ihm das Glas allein Gewicht,
1017 1890 3280 2085 Doch wär es gern zunächſt verkörperlicht.
1587 2071 2092 2256 Proteus.
1017 2194 3112 2399 Du biſt ein wahrer Jungfern Sohn,
1039 2324 3107 2585 Eh du ſeyn ſollteſt biſt du ſchon.
1669 2522 2587 2723 Thales /: leiſe :/
1024 2677 3389 2892 Auch ſcheint es mir von andrer Seite critiſch,
1075 2846 2966 3068 Er iſt mich dünkt hermaphroditiſch.
1713 3031 2184 3181 Proteus.
1058 3167 2870 3375 Da muß es deſto eher glücken,
1167 3317 1259 3435 w
967 3312 3169 3553 Wie er anlangt wird ſichs ſchicken.
1088 3512 3205 3686 Doch gilt es hier nicht viel beſinnen,
1059 3640 3404 3865 Im weiten Meere mußt du anbeginnen!
1082 3843 3160 4034 Da fängt man erſt im Kleinen an
1095 4003 3363 4198 Und freut ſich Kleinſte zu verſchlingen,
1085 4167 3266 4372 Man wächſt ſo nach und nach heran,
1075 4305 3409 4551 Und bildet ſich zu höherem Vollbringen.
1809 4526 2242 4706 Homunk.
1095 4655 2764 4816 Hier weht gar eine weiche Luft
1111 4756 3169 4981 Es grunelt ſo und mir behagt der Duft.
