4096 6144
1126 957 2984 1177 [Wunderſam! auch Schwäne kom̄en
1078 1160 2942 1344 Aus den Buchten hergeſchwom̄en,
1136 1338 2710 1512 Majeſtätiſch rein bewegt.
1146 1498 2877 1706 Ruhig ſchwebend, zart geſellig,
1136 1675 2911 1884 Aber ſtolz und ſelbſtgefällig
1167 1863 3409 2071 Wie ſich Haupt und Schnabel regt....
1150 2061 3147 2225 Einer aber ſcheint vor allen
1181 2232 3153 2423 Brüſtend kühn ſich zu gefallen,
1198 2423 2962 2614 Segelnd raſch durch alle fort;
1167 2595 3251 2810 Sein Gefieder bläht ſich ſchwellend,
1079 2785 3220 3059 Welle ſelbſt, auf Wogen wellend,
1160 2993 3273 3160 Dringt er zu dem heiligen Ort....
1208 3157 3409 3328 Die andern ſchwimmend hin und wieder
1228 3322 3087 3527 Mit ruhig glänzendem Gefieder,
1235 3512 3328 3665 Bald auch in regem prächtigen Streit;
1192 3660 3189 3870 Die ſcheuen Mädchen abzulenken,
1177 3824 3261 4060 Daß ſie an ihren Dienſt nicht denken,
1986 3983 2155 4090 die
1177 4014 3066 4275 Und Nur an eigne Sicherheit.
1761 4183 2365 4454 Nymphe.
