4096 6144
1327 873 2737 1017 Götter! Wunderſam eigen,
1355 993 2938 1174 Die ſich im̄erfort ſelbſt erzeugen,
1365 1129 3020 1280 Und niemals wiſſen was ſie ſind.
1539 1280 2805 1437 Bleibe auf deinen Höhn
1413 1406 2747 1563 Holde Luna gnädig ſtehn,
1402 1549 2788 1689 Daß es nächtig verbleibe
1430 1682 2911 1839 Uns der Tag nicht vertreibe.
1822 1904 2222 2088 Thales.
935 2051 3095 2242 Ich führte dich zum alten Nereus gern.
942 2187 3447 2389 Von ſeiner Höhle ſind wir zwar nicht fern,
911 2362 2747 2553 Doch hat er einen harten Kopf,
918 2508 2850 2693 Der widerwärtige Sauertopf.
931 2652 2713 2860 Das ganze menſchliche Geſchlecht
952 2816 3119 2986 Macht’s ihm, dem Griesgram, nimmer recht.
938 2955 2730 3164 Doch iſt die Zukunft ihm entdeckt,
962 3102 2921 3328 Dafür hat jedermann Reſpeckt,
989 3252 2932 3467 Und ehret ihn auf ſeinem Poſten;
1000 3437 2932 3624 Auch hat er manchem wohlgethan.
1863 3587 2218 3764 Hom.
1024 3720 2911 3925 Probiren wirs und klopfen an!
1017 3863 3358 4096 Nicht gleich wird’s Glas und Flam̄e koſten.
