4096 6144
1539 805 2836 989 Claſſiſche Walpurgisnacht.
1665 1170 2785 1378 Pharſaliſche Felder,
1812 1341 2542 1539 Finſterniß.
1798 1641 2321 1826 Erichto.
918 1812 3331 2003 Zum Trauerfeſte dieſer Nacht, wie öfter ſchon
877 1989 2863 2167 Tret ich einher, Erichto, ich die düſtere;
911 2126 3290 2341 Nicht ſo abſcheulich wie die leidigen Dichter mich
911 2290 3297 2491 Im Uebermaas verläſtern.. Endigen ſie doch nie,
921 2443 3454 2635 In Lob und Tadel.. Ueberbleicht erſcheint mir ſchon
906 2600 3287 2800 Von grauer Zelten Woge weit das Thal dahin,
2411 2718 2831 2851 grauenv
911 2749 3522 2964 Als Nachgeſicht der Sorg’ und gewinnvollſten Nacht.
931 2914 3529 3133 Wie oft ſchon wiederholt ſich’s! Wird ſich immerfort
925 3078 3430 3293 In’s Ewige wiederholen. Keiner gönnt das Reich
884 3246 3539 3430 Dem Andern, demgönnts keiner der’s mit Kraft erwarb
918 3396 3539 3621 Und kräftig herrſcht. Denn jeder, der ſein in̄res Selbſt
914 3590 3522 3795 Nicht zu regieren weis, regierte gar zu gern
935 3713 3508 3928 Des Nachbars Willen, eignem ſtolzen Sinn gemäß.
925 3867 3454 4044 Hier aber ward ein großes Beyſpiel durchgekämpft,
931 3997 3225 4157 Wie ſich Gewalt Gewaltigſtem entgegenſtellt;
945 4096 3485 4246 Der Freyheit holder tauſendblumiger Kranz zerreißt,
921 4194 3495 4362 Der ſtarre Lorber ſich ums Haupt des Herrſchers biegt.
3353 4264 3522 4367 tag,
890 4275 3527 4500 [Hier träumte Magnus, früher Größe Blütenkranz,
2078 4403 2298 4520 lau
1003 4423 1930 4572 Dem ſchwancken
911 4408 3517 4669 Ausſchlag des Züngleins forſchend wachte Cäſar dort!
925 4590 3519 4826 Das wird ſich meſſen. Weis die Welt doch wem’s gelang.
914 4775 3362 4973 Wachfeuer glühen, rothe Flam̄en ſpendende,
921 4935 3386 5130 Der Boden haucht vergoſſnem Blutes Wiederſchein,
