4096 6144
3230 599 3415 783 4
1590 781 1949 931 Meph.
1198 921 2672 1078 Iſt es doch als wär ihr bange;
1198 1054 2730 1225 Sah uns durch die Lüfte ziehn.
1628 1172 2135 1351 Homunk.
1225 1303 2853 1512 Laß ſie ziehn, und ſetz’ ihn nieder
1244 1459 2616 1597 Deinen Ritter, und ſogleich
1259 1587 2792 1730 Kehret ihm das Leben wieder;
1249 1720 2718 1909 Denn er ſuchts im Fabelreich.
1730 1877 3157 2085 Fauſt. / den Boden berührend :/
1259 2068 1908 2280 Wo iſt ſie?
1740 2247 2304 2467 Homunk.
1740 2401 3025 2611 Wüßtens nicht zu ſagen,
1245 2594 3136 2775 Doch hier wahrſcheinlich zu erfragen.
1239 2728 2841 2959 In Eile magſt du, ehs tagt,
1182 2877 3128 3128 Von Flam̄ zu Flam̄e ſpürend gehen.
1191 3046 3118 3323 Wer zu den Müttern ſich gewagt
1286 3235 3000 3413 Hat weiter nichts zu überſtehen.
1850 3406 2211 3597 Meph.
1276 3532 3013 3703 Auch ich bin hier an meinem Theil,
1280 3655 3328 3860 Doch beſſer wüßt ich nichts zu unſerm Heil
1293 3833 2938 3983 Als jeder möge durch die Feuer
2078 3911 2288 4049 ſein
1300 3957 2990 4172 Verſuchen ſich eigen Abenteuer.
1286 4157 3331 4280 Dann, um uns wieder zu vereinen
1324 4283 3457 4450 Laß deine Leuchte, Kleiner, tönend ſcheinen.
1805 4437 2375 4628 Homunk.
1303 4584 3181 4788 So ſoll es blitzen, ſoll es klingen!
1730 4778 3464 4952 /: das Glas dröhnt u. leuchtet gewaltig :/
1290 4911 3314 5147 Nun friſch zu neuen Wunderdingen.
