4096 6144
1447 761 2327 972 Fauſt /: allein /
798 935 3147 1122 Wo iſt ſie? – Frage jetzt nicht weiter nach ....
829 1092 2710 1252 Wärs nicht die Scholle die ſie trug,
812 1225 2942 1399 Die Welle nicht die ihr entgegen ſchlug,
815 1365 3082 1539 So iſts die Luft die ihre Sprache ſprach.
822 1515 3157 1682 Hier! durch ein Wunder, hier in Griechenland!
853 1658 2897 1836 Ich fühlte gleich den Boden wo ich ſtand;
829 1815 3188 1986 Wie mich, den Schläfer, friſch ein Geiſt durchglühte;
819 1972 2826 2129 So ſteh ich nun, ein Anteus an Gemüthe.
812 2088 3130 2269 Und find ich hier das Seltſamſte beyſam̄en,
802 2245 3194 2437 Durchforſch ich ernſt dies Labyrinth der Flam̄en
2174 2406 3020 2621 /: entfernt ſich :/
836 3150 2614 3348 Das Auge fordert ſeinen Zoll.
826 3269 3153 3485 Was hat man an den nackten Heiden?
814 3415 2785 3635 Ich liebe mir was auszukleiden,
803 3573 3036 3793 Wenn man doch einmal lieben ſoll.
