4096 6144
1563 791 2078 928 Seismos.
1054 962 2954 1141 Das hab’ ich ganz allein vermittelt,
1064 1105 2903 1305 Man wird mirs endlich zugeſtehn,
1085 1276 3290 1460 Und hätt’ ich nicht geſchüttelt und gerüttelt
1054 1430 2822 1624 Wie wäre dieſe Welt ſo ſchön?
1078 1604 2966 1764 Wie ſtänden eure Berge droben
1075 1751 2914 1938 In prächtig=reinem Aetherblau
1070 1909 3005 2109 Hätt ich ſie nicht hervorgeſchoben,
1049 2063 2892 2263 Zu maleriſch=entzückter Schau.
1034 2242 2928 2423 Als, Angeſichts der höchſten Ahnen,
1034 2391 3276 2595 Der Nacht, des Chaos, ich mich ſtark betrug
1064 2556 3041 2713 Und, in Geſellſchaft von Titanen,
1059 2698 3317 2892 Mit Pelion und Oſſa als mit Ballen ſchlug.
1059 2856 3200 3082 Wir tollten fort in jugendlicher Hitze,
1971 2979 2176 3128 noch
1049 3036 2728 3251 Bis, überdrüßig, ganz zuletzt,
1075 3205 3261 3404 Wir den Parnaß als eine Doppelmütze
1058 3392 3307 3573 Die beiden Berge frevelnd aufgeſetzt....
1064 3549 2932 3706 Apollen hält ein froh Verweilen,
1047 3679 2945 3833 Dort nun mit ſeliger Muſen=Chor
1075 3771 3167 3956 Selbſt Jupitern und ſeinen Don̄erkeilen
1088 3911 2805 4065 Hob ich den Seſſel hoch empor.
1082 4010 2979 4191 Jetzt ſo, mit ungeheurem Streben,
1064 4140 2962 4297 Drang aus dem Abgrund ich herauf
1095 4259 3048 4430 Und fordere laut zu neuem Leben
1088 4386 2812 4567 Mir fröhliche Bewohner auf.
1662 4539 2116 4724 Sphynxe.
1082 4679 2604 4846 Uralt müßte man geſtehen
1078 4823 2730 4980 Sey das hier Emporgebürgte,
1088 4939 2955 5085 Hätten wir nicht ſelbſt geſehen
1105 5048 2983 5212 Wie ſichs aus dem Boden würgte.
