4096 6144
1351 890 2850 1051 Felsbuchten des Aegäiſchen Meers.
1658 1017 3095 1194 Mond im Zenith verharrend :/
1672 1239 3403 1409 Sirenen /: auf den Klippen umherge„
2177 1378 3372 1559 lagert flötend u. ſingend :/
1242 1508 2942 1699 Haben ſonſt bey nächtigem Grauen
1259 1648 2921 1832 Dich theſſaliſche Zauberfrauen
1269 1809 2764 1955 Frevelhaft herabgezogen,
1266 1925 2812 2102 Blicke ruhig von dem Bogen
1280 2071 2973 2256 Deiner Nacht auf Zitterwogen
1303 2245 3031 2396 Mildeblitzend, Glanzgewimmel
1297 2382 3013 2539 Und erleuchte das Getümmel
1290 2513 2949 2708 Das ſich aus den Wogen hebt.
1269 2679 2932 2850 Dir zu jedem Dienſt erbötig
1307 2829 2925 3020 Schöne Luna ſey uns gnädig.
1628 3048 2792 3177 Nereiden und Tritonen.
1310 3229 3044 3413 Tönet laut! In ſchärfern Tönen,
1310 3399 3150 3556 Die das breite Meer durchdröhnen,
1320 3543 2918 3710 Volk der Tiefe ruft fortan.
1317 3689 3225 3877 Vor des Sturmes grauſen Schlünden
1320 3840 3184 4049 Weichen wir zu ſtillſten Gründen,
1320 4014 2949 4184 Holder Sang zieht uns heran.
1481 4239 3215 4437 Seht! Wie wir, im Hochentzücken
1320 4430 3229 4601 Uns mit goldenen Ketten ſchmücken,
1315 4561 3087 4746 Auch zu Kron’ und Edelſteinen,
1338 4720 3269 4945 Spang= und Gürtelſchmuck vereinen.
