4096 6144
3281 665 3471 855 13
1665 781 2686 962 Telchinen von Rhodus
1280 962 3027 1133 auf Hippokampen und Meerdrachen.
1460 1112 3013 1297 Neptunens Dryzack Handhabend.
1812 1293 2136 1471 Chor.
952 1454 3433 1638 Wir haben den Dreyzack Neptunen geſchmiedet
952 1604 3287 1774 Womit er die regeſten Wellen begütet.
959 1751 3498 1914 Entfaltet der Donnerer die Wolken die vollen
952 1894 3409 2082 Entgegnet Neptunus dem gräulichen Rollen.
969 2051 3392 2232 Und wie auch von oben es zackig erblitzt
972 2211 3420 2385 Wird Woge nach Woge von unten geſpritzt.
986 2368 3491 2539 Und was auch dazwiſchen in Ängſten gerungen
983 2503 3548 2708 Wird, lange geſchleudert, vom Tiefſten verſchlungen,
965 2679 3338 2856 Weshalb er uns heute den Scepter gereicht
989 2822 3403 3017 Nun ſchweben wir feſtlich, beruhigt und leicht.
1249 3058 3560 3218 Allerlieblichſte Göttinn am Bogen dadroben
993 3208 3498 3365 Du hörſt mit Entzücken den Bruder beloben.
1010 3338 3317 3529 Der ſeligen Rhodus verleihſt du ein Ohr
1010 3502 3525 3662 Dort ſteigt ihm ein ewiger Paean hervor
1013 3652 3396 3812 Beginnt er den Tagslauf und iſt es gethan,
1034 3805 3450 3983 Er blickt uns mit feurigem Strahlenblick an.
1029 3942 3496 4136 Die Berge, die Städte, die Ufer, die Welle,
1030 4123 3454 4280 Gefallen dem Gotte, ſind lieblich und helle.
1018 4244 3594 4469 Kein Nebel umſchwebt uns und ſchleicht er ſich ein,
977 4408 3558 4618 Ein Strahl und ein Lüftchen, und Rhodus iſt rein.
989 4587 3508 4747 Da ſchaut ſich der Hohe in hundert Gebilden
988 4705 3609 4925 Als Jüngling, als Rieſen, den großen, den milden.
1030 4894 3491 5048 Wir erſten wir warens die Göttergewalt
1020 5031 3488 5205 Aufſtellten in würdiger Menſchengeſtalt.
