4096 6144
1587 839 2030 955 Nereus.
952 965 3051 1143 Verderbt mir nicht den ſeltenſten Humor!
959 1126 3010 1280 Ganz andres ſteht mir heute noch bevor.
955 1259 2955 1416 Die Töchter hab’ ich alle herbeſchieden,
952 1368 3433 1542 Die Grazien des Meers, die Nereiden Doriden.
959 1508 3184 1675 Nicht der Olymp, nicht euer Boden trägt
972 1648 2969 1815 Ein ſchön Gebild das ſich ſo zierlich regt.
955 1778 3054 1918 Sie werfen ſich, anmuthigſter Gebärde,
965 1897 3170 2061 Vom Waſſerdrachen auf Neptunus Pferde,
952 2044 3037 2184 Dem Element aufs zarteſte vereint,
952 2164 3324 2344 Daß ſelbſt der Schaum ſie noch zu heben ſcheint.
1508 2273 2160 2416 Farbenſpiel
1160 2362 3444 2539 Doch Im dem Glanz von Venus Muſchelwagen
2426 2467 2631 2595 nun
952 2442 1290 2606 Kommt
957 2513 3189 2713 Wird Galathee, die ſchönſte hergetragen,
1638 2616 2037 2764 Kypris
962 2672 3056 2872 Die, ſeit ſich Venus von uns abgekehrt,
962 2821 3379 3025 In Paphos wird als Göttin ſelbſt verehrt.
962 2969 3020 3179 Und ſo beſitzt die Holde, lange ſchon,
914 3140 3389 3324 Als Erbin, Tempelſtadt und Wagenthron.
1177 3297 3456 3522 Hinweg! Es ziemt, in Vaterfreudenſtunde,
948 3481 3491 3672 Nicht Haß dem Herzen, Scheltwort nicht dem Munde.
959 3624 3406 3816 Hinweg zu Proteus! Fragt den Wundermann:
976 3764 3413 3938 Wie man entſtehn und ſich verwandlen kann.
1877 3911 3481 4092 /: entfernt ſich gegen das Meer :/
1682 4051 2071 4222 Thales.
965 4167 3362 4379 Wir haben nichts durch dieſen Schritt gewonnen,
986 4328 3379 4498 Trifft man auch jenen, gleich iſt er zerronnen,
977 4459 3256 4659 Und ſteht er euch, ſo ſagt er nur zuletzt
986 4601 3409 4765 Was Staunen macht und in Verwirrung ſetzt.
945 4744 3229 4908 Du biſt einmal bedürftig ſolchen Raths,
965 4864 3300 5055 Verſuchen wirs und wandeln unſres Pfads.
1848 5017 2979 5232 /: entfernen ſich :/
