4096 6144
1740 819 2150 993 Sphynxe.
890 957 3082 1146 Wir reichen nicht hinauf zu ihren Tagen,
894 1122 3102 1290 Die letzteſten hat Herkules erſchlagen.
914 1276 2966 1433 Von Chiron könnteſt dus erfragen,
890 1402 3256 1602 Der ſprengt herum in dieſer Geiſternacht,
921 1561 3302 1812 Wenn er dir ſteht ſo haſt du’s weit gebracht.
1515 1853 2048 1996 Sirenen.
1802 1971 2017 2053 auch
962 1991 2831 2155 Sollte dir’s doch gar nicht fehlen!...
1003 2116 2542 2256 Wie Ulyſſ bey uns verweilte,
983 2242 2461 2375 Schmähend nicht vorübereilte,
1000 2355 2532 2512 Wußt er vieles zu erzählen;
1003 2481 2611 2604 Würden alles dir vertrauen
1020 2583 2573 2761 Wollteſt du zu unſern Gauen
1027 2723 2703 2870 Dich ans grüne Meer verfügen.
1515 2826 2099 3046 Sphynx.
1024 3017 2645 3194 Laß dich Edler nicht betrügen.
1024 3118 2693 3333 Statt daß Ulyſſ ſich binden ließ,
1034 3251 2856 3456 Laß unſern guten Rath dich binden;
1034 3404 2887 3604 Kannſt du den hohen Chiron finden,
1054 3532 2959 3747 Erfährſt du was ich dir verhieß.
1607 3686 2995 3927 Fauſt /: entfernt ſich :/
921 4287 2816 4468 Vor dieſen ſey euch ja nicht bange,
948 4440 3269 4621 Es ſind die Köpfe der Lernäiſchen Schlange,
955 4590 3324 4771 Vom Rumpf getrennt und glauben was zu ſeyn.
921 4758 3232 4932 Doch ſagt was ſoll nur aus euch werden,
959 4898 2822 5061 Was für unruhige Gebärden?
