4096 6144
1556 752 2001 972 Phork.
911 916 3328 1141 Gebt mir das Auge, Schweſtern, daß es frage,
925 1095 3184 1310 Wer ſich ſo nah an unſre Tempel wage.
1672 1286 2017 1464 Meph.
931 1416 3150 1641 Verehrteſte! Erlaubt mir euch zu nahen
925 1576 3150 1798 Und euren Segen dreyfach zu empfahen.
679 1836 3153 2065 Ich trete vor, zwar noch als Unbekanter
660 1960 3118 2211 Doch, irr ich nicht, weitläufiger Ver„
2513 2099 3031 2278 wandter
878 2233 3138 2452 Ich ſah ſie – gestern – oder ehegeſtern;
880 2385 3087 2621 Doch eures Gleichen hab ich nie erblickt,
925 2532 3208 2788 Ich ſchweige nun und fühle mich entzückt.
1607 2703 2406 2949 Phorkyaden.
928 2870 3266 3109 Er ſcheint Verſtand zu haben dieſer Geiſt.
1693 3082 2092 3273 Meph.
957 3194 3379 3409 Nur wunderts mich daß euch kein Dichter preiſt.
955 3382 3310 3580 Und ſagt! wie kams, wie konnte das geſchehn?
952 3527 3307 3732 Im Bilde hab’ ich nie euch Würdigſte geſehn;
952 3676 3271 3886 Verſuchs der Meiſel doch euch zu erreichen,
931 3833 3314 4037 Nicht Juno, Pallas, Venus und dergleichen.
1638 3983 2155 4218 Phork.
952 4143 3317 4334 Verſenkt in Einſamkeit und ſtillſte Nacht
965 4324 3293 4529 Hat unſer Drey noch nie daran gedacht.
1747 4505 2068 4645 Meph.
1003 4648 3130 4836 Wie ſollt es auch? da ihr, der Welt enrückt,
1000 4802 3061 4983 Hier niemand ſeht und niemand auch erblickt.
