4096 6144
1652 812 2051 1013 Chiron.
993 972 2744 1182 Im hehren Argonautenkreiſe
1024 1126 3343 1351 War jeder brav nach ſeiner eignen Weiſe,
1020 1320 3092 1481 Und, nach der Kraft die ihn beſeelte,
962 1495 3239 1648 Konnt er genügen, wo’s den andern fehlte.
945 1652 3024 1832 Die Dioskuren haben ſtets geſiegt,
996 1809 3283 2010 Wo Jugendfüll’ und Schönheit überwiegt.
996 1989 3399 2184 Entſchluß und ſchnelle That zu andrer Heil
996 2167 3273 2338 Den Boreaden wards zum ſchönen Theil;
988 2319 3353 2524 Nachſin̄end, kräftig, klug, im Rath bequem,
972 2498 3189 2708 So herrſchte Jaſon; Frauen angenehm.
972 2652 3368 2877 Dann Orpheus, zart und im̄er ſtill bedächtig;
976 2839 3287 3037 Schlug er die Leyer allen übermächtig.
962 2984 3389 3210 Scharfſichtig Lynceus, der, bey Tag u. Nacht,
931 3153 3420 3404 Das heilge Schiff durch Klipp und Strand gebracht....
942 3317 3256 3563 Geſellig nur läßt ſich Gefahr erproben,
942 3491 3353 3737 Wenn einer wirkt, die andern alle loben.
1592 3706 2012 3911 Fauſt.
948 3880 3065 4075 Von Herkules willſt nichts erwähnen.
1634 4044 2051 4222 Chiron.
906 4136 3025 4331 O weh! errege nicht mein Sehnen...
896 4275 2713 4515 Ich hatte Phöbus nie geſehn,
938 4437 3170 4638 Noch Mars noch Hermes, wie ſie heißen,
911 4621 2853 4775 Da ſah ich mir vor Augen ſtehn
928 4771 2897 4956 Was alle Menſchen göttlich preiſen.
