1440 2244
61 63 1351 165 nicht weiter ſchreiben ich wirde ſonſt in
59 169 1352 271 Tränen ausbrechen und es jedem verrahten
56 266 1334 374 wie ſehr mich der Gedanke und das Schreiben
42 391 547 469 an Dich bewegt.
72 484 1275 585 Ach lieber Freund ich könte Dir wohl vieles
48 593 1294 686 klagen was mich kränckt und drükt du wir,
42 670 1319 774 deſt dan ſehen daß ich nicht glücklig bin und
46 756 1291 858 es auch niemals ſein kan. Der Gedanke an
37 836 1291 963 Dich erhebt mich und tröſtet mich über vieles
35 946 1361 1052 und wen ich dan in einſamen Stunden zweifle
41 1035 1368 1133 ob auch Du mein Herz verſtehſt ob Du es erkenſt
33 1126 1340 1236 und glaubſt daß ſich alle Blüten meines Le,
42 1217 1335 1328 bens zu Dir neigen. Und wen den der alte
48 1296 1306 1427 Stolz in mir aufwacht und ich es fühle
44 1408 1345 1503 welchen reichen Schatz ich Dir gebe und doch
42 1488 1362 1591 den Zweifel nicht überwinden kan ſo möchte
36 1574 1325 1687 ich verzweifeln. Dan fält mir wieder die
32 1661 1304 1790 unglückliche Aurelie aus dem Meiſter ein
31 1759 1339 1911 dir nicht liebenswürdig war wen ſie liebte
23 1866 1347 2012 und es erſcheint mir als mein Geſchick und
23 1979 1367 2096 ich verzeihe Dir wen Du Dich von ir ab nach
24 2070 1346 2189 liebeswürdigen Frauen wendeſt und be,
