1440 2303
99 99 1397 211 Tempelhof nicht bekommen können. Hat Ihnen
75 202 1388 317 mein Bruder noch nicht geſchrieben und das Ge,
66 301 1381 417 dicht von mir zugeschickt? Verzeihen Sie dieſen
69 413 1376 513 ſehr kurzen Brief ich bin ſehr eilig. Ich hoffe
70 534 1374 626 Sie ſind noch ſo geſund und froh wie Sie
61 639 1399 767 neulig ſchrieben ich kan von mir nicht dassel
60 757 1363 862 be rühmen im Gegentheil ich werde bei
49 863 1378 976 allen ſtärkenden Mitteln mit jedem Ta,
57 969 1411 1097 ge ſchwächer. Demohnerachtet hoffe ich Ihnen
52 1086 1386 1173 nächſtens die Komödie zu ſchiken. Ich wün
49 1184 1395 1276 ſche ſehr daß Ihre Frau beſſer werden und
48 1292 1370 1389 ſich entſchlieſſen mag Sie nach Berlin
56 1384 1378 1495 zu begleiten. Leben Sie recht wohl und
46 1490 1381 1598 machen Sie uns recht bald die Freude Sie
44 1618 711 1718 in Berlin zu ſehen.
770 1651 1169 1766 S Bernhard
