1157 1854
278 80 699 166 Liebſter Freund
83 161 1067 248 Ich nehme die Gelegenheit Dir dieſen
66 225 1093 312 Brief zu ſchiken um Dir zugleich eini„
70 291 1083 358 ge Worte zu ſchreiben. Du glaubſt es
60 353 1105 432 nicht wie unbegreiflig einſam mir ſeit
54 418 1102 490 Deiner Abreiſe iſt und ich kan nicht da,
63 472 1102 570 ran glauben daß ich Dich ſo bald wieder
58 554 409 622 ſehen werde.
116 599 1102 682 Ich war in den lezten Tagen in einen
55 667 1097 748 fieberhaften Zustand Dieſe gewaltſa,
41 737 1076 808 me Spanung hat nun nachgelaſſen
30 809 1081 883 und ich fühle mich recht herzlig kranck
31 873 1100 963 und mat. Ich habe es selbſt nicht geglaubt
39 944 1101 1020 daß ich ſo ganz Dir angehöre alle mei
42 997 1097 1090 ne Gedanken ſind unwilkürlich an Dich
47 1056 1076 1157 gerichtet mich verzehrt die heiſſe Sehn„
52 1133 1100 1233 ſucht Dich wiederzuſehen wen jemand
43 1203 1073 1307 die Thür öffnet ſo bin ich überzeugt
41 1268 1092 1370 Du muſt hinein treten und ich kan mei,
44 1343 1095 1426 nen Schmerz nicht verbergen wen es nicht
41 1413 1092 1511 geſchieht. Bernhardi beredete mich zu
45 1479 1086 1574 einer Spazierfahrt und ich konte mich
39 1550 1095 1643 des Gedankens nicht erwehren daß wir
42 1610 1087 1706 Dir nachreißten überall glaubte ich
43 1682 1076 1781 Dich zu erbliken und konte meine
