1157 1854
57 74 1092 164 Tränen nicht zurik halten wie ich wie,
56 156 1096 222 der in unſer einſames Hauß war.
74 212 1098 295 Verzeih daß dieser Brief ſo unglaub,
58 284 1052 359 lig thöricht wird ich weiß Dir nichts zu
58 344 1112 418 ſchreiben als daß Du mir über allen Aus,
50 413 1112 481 druck theuer biſt alle andere Gedanken
55 471 1122 567 ſind mir erloſchen. Lieber Wilhelm theu,
58 540 1109 628 rer Freund vergiß mich nicht darum be,
63 612 1087 696 ſchwöre ich Dich mit heiſſen Tränen
60 690 1114 766 vergib wen ich Dich zuweilen gekränckt
48 749 1097 820 habe und denke nie mit Kälte daran
51 810 1106 900 wie ich mich Dir ſo ganz ohne Rückhalt
50 874 1098 962 hingegeben habe wie ich in Deinen Ar
39 949 1097 1027 men Schutz ſuchte gegen manches Lei,
40 1020 1094 1093 den waß ich noch empfinde wie ich an
43 1082 1087 1164 Deiner Brust Trost fand für ſo man,
43 1148 818 1225 che bitter verlebte Stunde.
98 1210 1076 1282 Laß den Vorsatz ſo bald zurik zu
71 1283 1086 1359 kommen nicht erkalten Du glaubſt es
39 1348 1077 1426 nicht wie ſchmerzhaft auch Bernhardi
48 1414 1056 1494 Deine Abweſenheit empfindet ich
58 1474 1078 1563 ſoll dich recht herzlich grüßen. Aber
49 1543 1093 1631 ſchließen muß ich den ich bin nur
51 1610 1067 1686 einen Augenblick allein Lebe wohl
56 1689 1066 1769 mein geliebter Freund ſchreib nur
