1440 2303
37 88 1390 176 Augen leſen laß durch Deine ſanften Worte die Ruhe
23 161 1399 257 meines Herzens zurik kehren aber laß dich nicht durch mei,
25 243 1374 327 nen Brief verleiten mir zu gewaltſamen Maſregeln
33 321 1388 414 zu rahten. Schilt mich nicht ich kan nichts thun ich kan ihm nicht
35 401 1386 500 wortbrüchig werden der in ſeinem Sin das Glück ſei,
25 492 1381 585 nes Lebens auf mich niederlegte. Er weiß es daß ich
26 585 1379 666 ihn nie geliebt habe abe er glaubt daß wir ewig ver,
25 670 1386 751 einigt von einer zärtlichen Freundſchaft begleitet
25 742 1383 839 das Leben beſchlieſſen müſſen. Zürne mir nicht daß ich
33 821 1388 912 bei der heiſſen Liebe zu Dir nicht aufhören kan ſür
33 900 1363 1001 ihn bekümmert zu ſein. Er glaubt ſolche Stunden
30 1001 1386 1072 womit er mein Herz zerreißt müſſen vorübergehen
26 1068 1373 1165 er hält es für kleine Streitigkeiten. Mein Herz
38 1159 1378 1235 gehört Dir ganz und ungetheilt aber fodere nicht
29 1229 1346 1320 daß ich weil ich meinen reichſten Edelſtein dir
26 1308 1384 1418 zuwende ihm auch daß entziehe wodurch er ſich ſchon
29 1392 1373 1485 beglückt hält und womit er ſich begnügt. Mitleid
24 1475 1107 1583 und Liebe kämpfen in meiner Bruſt.
64 1540 1374 1653 Du ſagſt die Liebe ſolle alle Bande löſen und
32 1628 1327 1740 binden aber es giebt doch noch eine Liebe die
26 1683 1368 1836 über alle Bande erhaben iſt dieſe kan kein Ver,
28 1777 1361 1911 hältniß zerſtöhren weil ſie zu rein und zu güt,
26 1858 1382 1982 lig iſt um eins zu machen. Mit dieſer Liebe lie,
28 1940 1384 2074 be ich Dich. Ich möchte mit aller Kraft der Seele alle
24 2036 1363 2160 Deine Gedanken alle Deine Blicke zu mir hinziehen
30 2126 1330 2245 ſie neidiſch vor der Welt in meiner Bruſt ver,
