1429 2244
48 63 1351 170 mir entgegen lächelt ſo denke ich an Dich und
63 160 1355 248 wie ich Deine Augen nicht mehr ſehe die mir
56 241 1382 366 oft wie freundliche Sterne entgegen ſchienen.
89 344 1315 456 Ich will nichts mehr ſchreiben was hilft es
54 450 1329 568 daß ich meine Klagen immer wiederhole
39 569 1372 678 ich muß Deine Entfernung ertragen und wen
41 661 1374 780 auch die Erinnerung an verfloſſene Stunden
41 752 1351 896 die heiſſeſte Sehnſucht in mir weckt ſo kan
36 846 1352 998 ich die verzehrende Flamme nur mit heiſſen
39 1007 594 1109 Tränen löſchen.
104 1082 1281 1211 Lebe wohl ich kan doch nichts als Torheiten
41 1188 1314 1328 ſchreiben und wen ich mir denke daß Du
37 1276 1359 1431 vieleicht ſchon jezt viel kälter an mich denkſt
31 1382 1306 1532 da Du mich nicht mehr ſiehſt ſo möchte ich
32 1469 1332 1631 dies Blat lieber gar nicht ſchiken. Ich bin
32 1587 1327 1751 zu mistrauiſch ich kan ich nicht in der ruhi,
39 1696 1334 1851 gen überzeugung leben daß meine Brie,
27 1796 1340 1957 fe einigen Wehrt für Dich haben wen Du es
22 1911 1335 2038 mir niemals ſagen kanſt. Wäre es den
31 2010 1374 2161 gar nicht möglig daß du mir ſchreiben könteſt?
