1440 2303
71 113 1340 220 Es iſt eine ſeltſame Empfindung mit der ich an Dich
70 197 1313 308 ſchreibe es iſt heute mein Hochzeitstag wie viele
64 289 1344 388 ungehofte Schmerzen haben mich in dieſen beiden
74 372 1397 514 Jahren gefoltert und faſt mein Herz ermattet.
70 477 1393 609 Das Schickſall macht es ewig mit und beſſer und
69 552 1392 700 ſchlechter als wir glauben und wir wiſſen im,
55 644 1379 779 mer nicht ſollen wir ihm danken oder fluchen.
99 733 1388 878 Ich meinte vor zwei Jahren ich hätte Abſchied von
48 825 1387 962 allen genomnnen waß die Erde mir biehten könne
35 902 1373 1041 und in dieſer Ergebung gab ich mit meiner Frei,
39 973 1365 1141 heit das lezte Gut meines Lebens hinweg. Jezt ha
34 1099 1219 1216 be ich nur Dich – ſoll ich ſagen gewonnen? –
44 1146 1359 1312 Ich bin ſo unglücklich dir in allen meinen Äuſſe,
30 1251 1378 1399 rungen zu misfallen daß es mich ſcheu und blöde
25 1352 1376 1496 macht Dir zu ſchreiben. Ich kann nicht ſo vernünftig
25 1448 1365 1569 meine Worte abmeſſen ſo wenig als meine Ge,
25 1532 1364 1676 fühle. Ich habe nie geliebt als jezt und jezt ſoll ich
28 1615 1369 1779 daß höchſte Gut meines Herzens einer vernünfti,
30 1704 1388 1853 gen innerlichen und äuſſerlichen Diät aufopſern
25 1806 1355 1940 und das iſt das Zärtlichſte waß ich Dir erweiſen
25 1901 1350 2034 kan. Ich halte es für etwas geringes Leben Ruhe
25 1998 1336 2127 und Geſundheit in der heiſſen Sehnſucht nach Dir
26 2091 1335 2212 zu veliehren und muß befürchten daß Du mir die,
