1440 2303
38 95 1387 182 daß ich unwiederruflig unabänderlig an ein Weſen
40 163 1374 262 gefeſſelt bin daß mir ſo durchaus fremd erſchien. Er
32 252 1376 330 war ſo roh mir vorzuwerfen daß wir doch eigentlig
28 324 1393 418 durch meinen Bruder in eine ſo drükende Lage wären
26 391 1392 495 meine Augen fülten sich mit Tänen ich ſahe in mei,
28 470 1388 556 nen Tränen Dein Bild und mein Herz wurde von einer
30 527 1379 647 ſo heftigen Wehmuht ergriffen daß es mir war als
32 602 1372 701 wirde mein ganzes Weſen zerflieſſen mir ſchien es
25 675 1376 776 als müßte ich in Luft verſchoben und mich ſo den gemei
30 742 1393 846 nen irdiſchen Augen entziehen. Kom mein Gelieb
37 831 1376 913 ter und tröſte fühle es daß dieſe Stunde lange
26 898 1397 992 in meinem Herzen nachzittert. Bernhardi bat mich
26 973 1399 1070 nachher um Verzeihung ich konte kein Wort reden ich ließ
30 1045 1386 1141 mich küſſen wie er wolte ohne mich zu regen und nun
63 1132 1395 1224 erſt nun er mich verlaſſen hat wünſche ich daß ich mein
32 1218 1359 1296 Leben mit meinen Tränen hinſtrömen könte. Nun
33 1301 1393 1385 erſt ringe ich meine Hände voll Verzweifelung daß
30 1381 1360 1463 ich die Bande worin ich mich leichtſinnig fügte nicht
36 1456 1365 1548 zerreiſſen kan. Ich betrachte meine Kinder und auch
30 1529 1397 1638 ihr Anblick kan mich nicht tröſten es ſind auch die ſei,
28 1626 1372 1708 nigen und ſelbſt die Natur hat uns noch enger
28 1687 1378 1784 verknüpft. Du biſt auf weiter Erde der einzige Menſch
28 1769 1384 1875 der mir Troſt gewähren kan von Dir fodere ich Ersatz für
26 1850 1403 1947 mein verlohrnes Leben. Kom zurik eile in meine Arme
32 1937 1361 2022 laß mich Dich an meine Bruſt drüken ach unh könte ich
26 2021 1379 2094 dan mit dem erſten Kuſſe womit ich Dich begrüße mein
28 2088 1342 2205 Leben hinweg hauchen. Laß mich Troſt in Deinen
