1157 1854
67 46 1123 115 recht ſchnel ob du wohl und froh in
65 107 1114 184 Jena angekommen bist. Ach Gott
54 176 1119 243 nun iſt als ſolte ich noch einmal von
60 238 1113 306 von dir Abſchied nehmen da ich mich
60 293 1053 363 von dieſem Blatte trennen muß.
74 357 1109 434 Könte ich nur einige Worte von Dir
66 430 1114 500 haben die mir zeigten daß Du unve,
61 492 1101 577 ränderlig mein bleibſt. Lebe wohl ich
47 571 1007 656 muß aufhören. Ewig die Deine
697 630 909 747 Sophie.
