1440 2303
87 116 1372 213 Ich kan Ihnen liebſter Freund heut zum erſtenmale wie
64 227 1360 289 der mit einiger Ruhe ſchreiben den mein kleiner
52 273 1352 362 liber Wilhelm iſt heut beſſer die Zähne ſind ihm
48 350 1350 440 durch und ich fürchte nicht mehr ihn zu verliehren. Ich
48 427 1387 511 betrachte ihn als mir ganz von neuen geſchenckt. Sie glau,
43 505 1372 578 ben wie viele Sorge und Angſt mir ſeine Krankheit ge,
42 570 1377 646 macht hat die mich auch an alle Dienge verhindert hat.
40 643 1372 736 Ich will die Comödie auf jeden Fall noch ſchiken wen
38 729 1384 808 ſie auch zu ſpät kommen ſolte. Für den Akmanach dan,
37 800 1387 890 ke ich Ihnen recht ſehr ſo wie für Ihren Brief. Mein Bru,
35 886 1384 971 der hat mir alle dieſe Umſtände ſelbſt geſchrieben und
38 959 1379 1052 ich bedaure es recht ſehr daß ich ihn nun noch ſo lange
33 1047 1364 1116 nicht ſehen werde. Sie mein lieber Freund ſind un,
38 1115 1382 1193 freundlich mit uns umgegangen indem Sie meinen
35 1182 1382 1275 Bruder einen ſo wunderlichen Begrif von unſeren
43 1262 1345 1360 Geſprächen über ihn beigebracht haben der nemlich
35 1340 1358 1431 glaubt wir hätten ihn Ihnen als eine wilde Beſtie
32 1411 1349 1508 beſchrieben daß ich gar nicht weiß Sie die freudige
34 1494 1335 1587 Hoffnung ihn zu ſehen die um die tiefe Rührung
29 1574 1336 1668 bei ſeinem Andenken zu unterdrüken ſich in
34 1654 1376 1747 Scherzen über ihn ergoß ſo übel ausgelegt haben.
25 1728 1346 1825 Doch daß ſind Kleinigkeiten und mein Bruder kan wohl
29 1802 1318 1899 ſelbſt nicht glauben waß er ſagt daß ich ihn wie ein
28 1896 846 1978 curioſes Thier preſentiert habe.
115 1954 1340 2054 Ich will Ihnen jezt einmal einen ſehr ſchönen
43 2021 1367 2134 Vorſchlag machen. Reiſen Sie mit meinem Bruder
39 2108 1317 2212 zuſammen damit wir die doppelte Freude haben
