1429 2244
57 127 1347 226 Mit recht ſchmerzlicher Sehnſucht habe ich heut auf
39 240 1329 322 einen Brief von Dir gehoft und kan mich nicht da,
34 330 1336 426 rüber zufrieden geben daß meine Hoffnung be,
38 432 1351 534 trogen iſt. Ich kan Dir heute nicht viel ſchreiben
33 541 1340 652 ich will dir nur dieſen Brief ſchicken. Ich bin
38 654 1342 774 ſeit einigen Tagen recht kranck mich quält
31 761 1339 872 alle Nächte ein Fieber ich huſte viel Blut und
36 872 1127 968 werde überhaupt wohl bald sterben.
84 979 1340 1074 Nim es aber nicht zu ernſthaft oft wen
31 1087 1327 1169 mir beſſer iſt habe ich auch einen rechten Le,
32 1184 1325 1285 bensmuht und kan mich ganz in den ſüſſen
34 1282 1346 1377 Gedanken verſenken da0 Du mir angehörſt
27 1378 1334 1457 daß Du eine Freude an meinem Daſein
32 1474 1344 1563 haſt und kan mich dan in Tränen nicht erſät
28 1570 1068 1668 tigen daß ich Dich entbehren muß.
64 1678 1347 1770 Ich bin in der Zeit recht fleißig geweſen
17 1767 1342 1869 und habe die Märchen beinahe fertig geſchrie
28 1867 1337 1964 ben ich weiß es daß ſie hätten recht gut wer
23 1983 1346 2066 den können wen ich dem Strom der Liebe der
23 2070 1321 2175 mich jezt gewaltſam fortreißt darin ver,
