1440 2303
57 182 1336 282 Bernhandi iſt einen Angenblick augegangen
48 271 1269 362 und ich eile Dir mein Liebſter beſter Wilhelm
48 343 1340 462 noch einige Worte zu ſchreiben. Verzeih meinen
40 418 1259 543 thörichten Brief ich habe mich ſelbſt genug dafür
53 510 1309 623 geſtraft ich glaubte Du hätteſt Dich gänzlich da,
36 581 1340 727 durch von mir abwenden laſſen . Kom nur bald
42 685 1324 804 O kom mein geliebter Freund ich vergehe in
47 780 1355 893 der Sehnſucht nach Dir glaube daß ich Dich ewig
42 886 1363 982 unveränderlich liebe aber laß Dir dieſen Glau,
57 963 1355 1070 ben nicht ſo anmerken mein Brnder ſchreibt
57 1044 1357 1164 mir Wen ich den Anſchein trauen dürfte ſo
61 1139 1319 1248 müſteſt Du Schlegel ſehr liebhaben. Da
71 1239 1340 1344 Bernhardi alle meine Briefe ſieht ſo
65 1316 1374 1462 kanst Du denken daß mir ſolche Bemerkun,
61 1432 1369 1551 gen nicht angenehm ſind. Ich möchte nichts
58 1557 1377 1646 weiter ſchreiben und Dir ewig wiederholen
60 1647 1374 1747 kom zurik. Du glaubſtes nicht welche Stun,
56 1750 1381 1856 den der bitterſten Verzweiſelung ich ſchon
61 1839 1370 1951 in Deiner Abweſenheit verlebt habe O kom
61 1928 1368 2080 daß ich alle meine Schmerzen an deinem
61 2017 1372 2195 Herzen vergeſſe. Könte ich Dich doch durch die
