1440 2303
42 138 1338 227 brauch vor alſo bitte ich Sie weiter
49 258 1322 350 keine Notiz davon zu nehmen.
66 362 1323 463 Komt den mein anderer Bruder
51 474 1336 585 noch nicht alle meine Brüder
60 587 1324 694 machen es ſchlim mit mir. Daß
58 710 1351 807 Sie nicht ſchreiben kan ich mir er,
49 821 1382 946 klären da Sie M Unzelmann ſehen.
57 972 1331 1065 Am ende kommen noch mehr als
57 1076 1377 1178 60 Zuhörer zuſammlen doch wären
51 1195 1350 1284 auch das genug. Leben Sie wohl
39 1297 1327 1399 mit Bernhardis Gedicht mögen
55 1418 1323 1518 Sie machen waß Sie wollen. Ich
40 1526 1341 1644 han heut nicht weiter ſchreiben
34 1635 1353 1767 mein Herz iſt voll Sorgen wen
24 1771 1374 1894 mir mein armes Kind nicht ſtirbt
42 1889 1315 2013 der kleine Greis bekömt nun
55 2011 1372 2151 ſchon einigermaſſen ein jugend,
