2303 2811
135 120 2093 231 martern nachgelaſſen haben dann will ich auch den freudlichen
143 228 2131 371 Scherz Ihrer Frau beantworten den ich wen ich ihn für Ernſt neh,
134 346 2104 484 men wolte am beſten durch Ihren vorigen Brief wiederlegen
139 452 2118 607 könte worin Sie ſo froh ſind daß Sie endlig einmal wieder
135 570 2063 735 weit von Berlin weg ſind und über die Berge über das
149 718 2093 872 Rauſchen der Waſſer und über den erſten Wein jauchzen.
192 846 2157 1001 Wir freuen uns alle recht herzlich daß es Ihnen ſo ernſt iſt wieder
146 974 2193 1133 nach Berlin zu kommen und wen es meine Bruſtſchmerzen zulieſſen
145 1107 2215 1225 wirde ich Ihnen unſere Freude mit mehreren Worten beſchreiben
159 1233 2176 1364 ſo bitte ich Sie nur noch ihre Frau recht herzlig zu grüſſen. Leben
147 1360 2157 1517 Sie recht wohl ich wünſche daß alles ſo gelingen mag daß wir
156 1475 2183 1646 uns bald wiederſehen. Ich würde die Comödie gerne noch ſchreiben
173 1635 2169 1813 wen ich nur überhaupt jezt ſchreiben könte doch daß will ich auch
181 1797 2024 1923 nächſtens beſtimmen. Leben Sie recht wohl Ihre Freundin
1368 1913 1914 2047 S Bernhardi
