1440 2303
298 139 618 216 Lieber Freund
105 243 1322 349 Ich ſchike Ihnen hier ſo viel ich von Ihren Aufträ,
96 336 1328 431 gen habe beſorgen können. Den Brantwein würde ich
85 423 1337 516 auch ſo gleich beſorgt haben wen Sie die Sorten nä,
92 505 1344 605 her beſtimt hätten ich weiß nun nicht ob Sie dan
87 601 1347 697 ziger Kümmel wollen den hat Salo Saroni jezt
81 689 1352 783 nicht und bekömt ihn erſt etwa in acht Tagen
87 761 1312 870 bis dahin wirden Sie alſo wohl Geduldt haben
92 845 1331 968 müssen da ich nicht gerne zwei Kiſten ſchiken
79 939 1335 1065 mag. Ihren Auftrag an Schütze kan ich erſt
75 1045 1314 1157 dieſen Abend beſtellen auch hatt daß keine
74 1128 1313 1270 so gewaltige Eile. Unger hat ſich gegen
72 1237 1357 1379 Gratenauer erbohten er wolle ſich aus Achtung
88 1362 1320 1470 gegen ihn den Gratenauer gar nicht gegen
78 1458 1379 1560 Sie den mit Ihnen wolle er nichts zu thun haben
76 1543 1367 1679 vergleichen. Es wäre alſo doch wohl gut wen Sie
74 1656 1369 1759 einmel an Gratenauer ſchrieben damit der
80 1763 1395 1873 nicht etwa nach ſeiner gewöhnlichen verükten
76 1863 1395 1972 Manier einen Vergleich eingienge ohne ihnen
74 1961 1368 2052 ewas davon zu ſagen womit Sie nachher Ur,
84 2043 1367 2170 ſach hätten unzufrieden zu ſein. Ich kan mir
