1440 2303
133 287 1310 390 Ich wollte Ihnen lieber Freund ſchon früher
81 390 1294 482 ſchreiben aber ich bin ſeit lange nicht wohl
71 483 1296 593 geweſen auch bin ich noch nicht dan werde
67 577 1292 662 ich auch geängſtet weil mein kleiner
69 656 1313 780 Wilhelm an den Augenzähnen recht ſehr
66 761 1295 884 krank iſt darum verzeihen Sie wen ich
76 859 1290 999 Ihnen nur ganz kurz alles ſage was
71 978 1025 1120 Ihnen zu wissen nöhtig ist.
103 1106 1314 1200 Gratenauer antwortet Ihnen und
67 1200 1297 1308 ich lege den Brief bei. Mit der Vor,
66 1333 1290 1409 leſung kant es gewiß zu ſtande
53 1430 1305 1516 ich werde Ihnen ſo bald ich kan die
49 1519 1317 1640 Liſte ſchiken die Berg interreſſirt
49 1646 1308 1742 ſich ſehr dafür doch meint ſie Sie
49 1772 1294 1857 würden erſt mitte November anfan,
44 1896 1320 1975 gen können zu leſen weil viele Men,
81 1984 1291 2089 chen erſt dan vom Lande in die
