1464 2244
79 77 1385 172 Köntest Du nicht einen Brief einlegen ihn an
69 172 1385 266 Schleiermacher adreſſiren und in dieſen noch
62 269 1374 349 einen den ich Schleiermacher geben könte
63 361 1374 446 damit ich nicht in Verlegenheit geriehte wen
68 445 1382 544 Bernhardi gegen Schleiermacher über den
69 556 1372 655 an ihn gekommenen Brief ſpräche. Lache
63 654 1361 766 nicht über meine Vorſchläge Du fühlſt es
61 759 1345 871 nicht wie ſchmerzlig ich Dich entbehre und
64 836 1387 981 wie hart es iſt nicht eine Zeile zu haben die
51 973 1356 1069 mir ganz allein gehört. Lebe wohl mein
58 1065 1383 1196 geliebter beſter theurer Freund Du darfst
54 1189 1383 1305 Du kanſt mich nicht vergeſſen die Leidenſchaft
56 1307 1377 1393 in meinem Herzen muß Dich gewaltſam
62 1398 1384 1514 zu mir ziehen Du biſt durch dieſe Zauberei
66 1525 1197 1623 der Liebe mein eigen. Lebe wohl.
574 1617 1327 1742 ewig Deine S Bernh
