2303 2811
199 346 2062 482 Ich kan Ihnen heut nur wenig ſchreiben und will Sie nur bitten
187 466 2082 604 dieſen Brief welchen ich hier beilege an meinem Bruder zu be
212 584 2121 723 sorgen ich habe nun ſelbſt einen Brief von ihm worin er mir ſchreibt
203 718 2120 857 daß er in 3 Tagen abreiſen wolle alſo kan er ongefehr mit dieſem
206 879 1390 1007 Briefe zugleich in Weimar eintreffen.
274 955 2176 1124 Ihre Aufträge werden wir gewiß mit aller Aufmerkſamkeit
190 1077 2143 1244 beſorgen und ich ſchreibe Ihnen nächſtens den Erfolg. Ich danke
181 1188 2129 1358 Ihnen für die groſſe Sorgfalt die Sie für meine Geſundheit
185 1308 2138 1514 haben und wünsche nur daß ich Ihnen ſo darüber berichten könte
193 1432 2104 1625 wie Sie es verlangen und da es Ihnen ſo leicht wird Ihren
212 1556 2107 1783 Freunden feind zu werden wen sie Ihren Vorſchriften nicht
224 1670 2084 1897 genau nachleben ſo ſteht faſt zu befürchten daß es auch ge,
232 1808 2090 2056 ſchieht wen dieſe vortreffliche Vorſchriften auf daß aller
227 1918 2087 2166 genauste beſolgt dennoch nichts helfen wollen ſo geht es
229 2042 2107 2244 mir und es ſolte wir leid thun wen mir daß Ihren Zorn zu,
245 2297 432 2378 zöge.
254 2308 2092 2486 Ich will nächſtens weitläuftiger antworten wen dieſe
237 2447 2138 2642 heftigen Zanſchmerzen die mich nun ſchon einige Wochen
