1440 2303
334 112 720 207 Lieber Freund
101 246 1314 333 Bernhardi meint ich ſoll Ihnen den Vorſchlang
74 333 1313 424 thun ob wir nicht in den Zeitungen es noch be,
72 415 1342 524 kant machen laſſen wo man die Einlaskarten
80 518 1333 642 zu Ihrer Vorleſung bekomt. Ich begreife die
78 611 1344 751 Einfalt der Berliner nicht es iſt auf alle An
74 712 1354 846 kündigungen geſchrieben daß Schütze ſie aus,
72 803 1363 942 gibt und doch beklagen sich alle ſie wolten
64 916 1342 1052 das Collegium wohl hören ſie wüſten nur
64 1009 1374 1131 nicht an wen man ſich deshalb zu wenden
75 1107 1342 1248 habe. Niemand zweifelt daran daß Sie
75 1219 1368 1351 Zuhörer genug finden werden die Menſchen
78 1322 1333 1448 ſind nur ſo albern daß ſie da es noch ſo
71 1421 1360 1582 lange Zeit hat das Gold noch nicht bezalen
103 1551 1365 1674 werden um Sie nun zu ſichern haben wir
93 1649 1374 1789 die Einrichtung getroffen daß eine Liſte
101 1764 1374 1897 gemacht worauf ſich alle aufſchreiben
101 1873 1340 1995 ſollen die daran Antheil zu nehmen ge,
102 1965 1351 2099 denken dieſe Liſte will ich Ihnen nächſtes
120 2081 1335 2207 ſchiken. Bernhardi hat den Aufſatz von
