1440 2303
53 76 1297 165 bitte ich es mit Schädeli zu thun und nicht was
46 161 1364 249 ich im Scherz geſchrieben böſe zu verſtehn. Und nun
48 227 1358 316 will ich dieſen Brief ſchnel einpaken ſonſt iſt er
32 291 1384 395 im ſtande und fängt ganz von neuen an. Leben
35 369 1378 483 Sie wohl. Daß Ihre Frau nicht wohl iſt thut mir recht
28 481 1149 560 herzlich leid ich bitte sie ſehr zu grüſſen.
