1440 2303
96 128 1336 245 Stadt kommen. Mit der Wohnung
90 257 1405 353 können wir ja dan mündlig ſprechen
93 367 1391 463 wie es ſich arrangiren läßt Sie kön,
86 456 1422 566 nen ja zu erſt bei uns oder bei Schütz
87 577 1346 661 abſteigen und dan ſehen wie es
90 662 1378 792 geht. In der Leipzigerſtraſſe iſt
74 775 1378 890 ein recht eleganter Sal und daß ist
80 880 1403 1019 auch eine gute Gegend. Den Brant,
76 996 1370 1136 wein werde ich den Dienſtag ſchi,
82 1115 1380 1274 ken ich habe nicht eher gekont er
81 1266 1112 1380 war nicht früher zu haben.
106 1389 1372 1487 Da Sie nun ſo bald herkommen
99 1486 1393 1576 worauf ich mich recht herzlich freue
80 1613 1370 1699 ſo will ich Ihnen dan das Gedicht
84 1721 1376 1834 zeigen wovon ich Ihnen ſchrieb daß
74 1843 1379 1953 ich es meinem Bruder geſchickt ha,
72 1965 1381 2070 be. Es hat ſeinen Beifal nicht und
88 2088 1361 2197 er ſchlägt mir einen andern Ge,
