1440 2303
33 72 1387 175 daß man euhre Gegenwart ſcheut? Daß wirde
28 180 1019 270 mir ungemein luſtig vorkommen.
69 236 1376 376 Mit meiner Geſundheit geht es jezt leidlicher
30 347 1340 464 ich habe mich entſchloſſen alle Tage einige
46 445 1372 566 Tropfen Opium einzunehmen und Bernhardi
34 539 1363 667 wacht darüber mit einer Gewiſſenhaftig,
32 625 1393 769 keit die Ihnen ſogar Ehre machen wirde nun brau,
36 721 1390 848 che ich daneben noch alle vorgeſchriebene Mittel
32 830 1356 923 mit einer ſolchen Pünktlichkeit daß ich in der
38 911 1374 1034 That nicht in jedem Briefe eine Erinnerung
33 1018 1376 1113 verdiene wen ich nun nicht darnach geſund wer,
33 1102 1373 1205 de ſo habe ich ein volkommenes Recht mit euch
30 1221 587 1285 allen zu zanken.
53 1283 1386 1391 Dieſer Brief wirde faſt zu lang da aber alles
33 1381 1378 1466 in der Welt vergänglig iſt und ſein Ende er,
37 1467 1378 1555 reicht ſo ergeht es dieſem Brief auch ſo ſo ſehr
30 1564 1369 1655 er ſich auch ſpert und wen Sie mit Mühe und
26 1645 1368 1770 Noht alle ſchlecht geſchriebenen Worte geleſen
25 1746 1370 1878 haben ſo erreichen Sie zu ihrem Troſt doch end
25 1874 1376 1975 lig das lezte womit ich mich Ihnen empfehle
931 1942 1079 2053 S B.
53 2039 1335 2140 Sie verſprechen mit Bernhardis Gedicht diskret zu
48 2127 1280 2222 verſahren daß findet er überflüſſig dagegen
