1440 2303
59 118 1393 224 Benhardi iſt zu Fröhlig nach Spandau geritten und ſo will
39 194 1393 290 ich dieſen Tag der Freiheit anwenden um mit dir zu reden
34 259 1328 351 mein geliebter theurer Freund. Vergib mir nur meinen
24 285 1368 433 Brief und ſei mir nicht mehr böſe. Ach währſt Du hier
24 362 1395 497 daß ich in Deine Arme eilen an Deinen Buſen alle mei,
26 416 1392 562 ne Schmerzen und Klagen ausſprechen könte. Der Gedanke
24 505 1379 621 an Dich erhebt mich über die Gegenwart und läßt mich in
26 566 1340 710 der Zukunft Troſt für das Leiden hoffen daß mich jezt zer,
19 637 1392 777 ſtöhrt. Die Liebe zu Dir giebt mir Kraft und Willen ein Leben
26 713 1382 852 zu ertragen daß ich ſonſt ſelbſt zu zerſtöhren eilen wirde.
55 788 1392 923 Ich ſühle daß man über manche Dienge gar nicht klagen solle
20 859 1358 994 und doch wen ſie ſo gewaltſam alle Ruhe des Lebens
21 925 1395 1090 vernichten zwingt uns das volle Herz wieder unſern Willen
24 1005 1363 1163 Ich ertrage gewiß mit mehr Standhaftigkeit als irgend ein
19 1074 1384 1253 Menſch die Sorge für das äuſſerliche Leben und ſchone Bern,
23 1155 1390 1328 hardi deſſen weichliches Gemüht ich kenne ſo viel als möglich
26 1255 1387 1394 Du haſt ſchon bei Deinem hierſein bemerkt welcher un,
20 1331 1382 1468 edlen Trägheit er sich hingiebt. Es war nun endlig un,
15 1410 1380 1556 vermeidlicg nohtwendig mit ihm zu ſprechen und ihm vor,
32 1496 1378 1654 zuſtellen daß er ſein Betragen ändern oder irgend ein
19 1592 1386 1731 anderes Mittel anwenden müſte um mich der täglichen
23 1687 1320 1806 Sorge die meine Geſundheit zerſtöhrt zu überheben.
28 1767 1386 1898 Ich erſchrack über die thörichte Vezweifelung der er ſich
7 1840 1378 1990 hingab und als ich meinen Zorn über dies kindiſche Beneh,
13 1930 1363 2070 men nicht unterdrüken konte gerieht er in eine ſo ge,
3 2003 1372 2153 meine Wuht vor der mein Herz erbebte. Ich fühlte mich
15 2091 1363 2233 ganz verlohren es kam mir wie ein unwiederruflig Traum
