1440 2303
51 75 1379 167 zu finden und Sie können immer einen Preiß
40 162 1374 252 auſſetzen welche von allen Sie am wenigſten
38 241 1386 351 verſtehn wird. Daß die gehörige Anzahl Zuhörer zustande
40 330 1365 429 komt daran zweifele ich nicht nur iſt es ängſtlig daß
40 419 1359 510 manche es gewiß verſchieben werden die Billette ho,
37 493 1359 591 len zu laſſen weil ſie ſich denken es hat bis zum
38 569 1337 696 1 ten Novem noch Zeit genug. Burgsdorf hat auch ver,
39 662 1364 793 ſprochen viele zu ſchaſſen Humbold habe ich keine Ankün,
34 743 1340 866 digungen geben können da er nicht ſo artig geweſen iſt
34 830 1365 940 mich zu beſuchen zu allen Juden hat er viel darüber ge,
33 895 1356 1029 ſprochen daß er es thun miſſe und daß er ſich ſehr freu,
33 1028 412 1096 te mich zu ſehn.
65 1087 1384 1183 Schedeli war allerdingſ hier als Ihr Brief ankam und
40 1175 1382 1274 ich habe Ihren Gruß beſtellt der ihr eine wohlverdiente
32 1252 1381 1360 Freude verurſachte den niemand hat es sich ſauer
38 1322 1382 1437 für die Vorleſung werden laſſen als ſie in dem schlech,
28 1395 1382 1517 teſten Wetter iſt ſie ohne Dromedar von einem Ende
32 1487 1386 1591 der Stadt zum andern gelaufen und hat alle ihre Freunde
29 1567 1372 1668 und Freundinnen benachrichtigt. Noch öfter hat ſie mich
32 1642 1372 1747 beſucht als da Sie noch in Berlin waren und doch be,
29 1728 1378 1828 weißt daß nur für meine Behauptung den nun da ſie
35 1816 1368 1920 Sie nicht mehr ſehen konte muſte ſie doch den Troſt ha,
30 1905 1349 1998 ben von Ihnen zu ſprechen und mit wem konte ſie
29 1974 1347 2091 daß beſſer thun als mit mir und ich kan auch auf,
33 2054 1350 2168 rchtig bekennen daß wir nicht über viele andere
35 2157 1386 2255 Dienge geſprochen haben ja wen es auch zuweilen
