1440 2303
19 57 1337 159 biger bin als mit meinen guten Worten die ich
10 131 1372 250 als eine Äuſſerung meines Gemühts betrachte und
16 241 1012 336 nur gegen ſehr wenige verbrauche.
44 303 1367 436 Ich bitte dich dieß nicht übel zu nehmen den Du
29 403 1377 543 haſt mich doch wohl mit Deinem ſo ſeid ihr immer
29 490 1377 626 unter die Rubrik von Weibern bringen wollen
26 556 1365 710 und ich kan nicht läugnen daß Du mir mit die,
20 639 1372 808 ſem Bemühen recht wie ein Mann vergekomen
19 807 140 909 bist.
33 857 1370 985 Ich könte mich ſelbſt beweinen wen ich es mir den,
25 955 1360 1079 ke wie verlohren und einſam ich auf der Welt
19 1047 1355 1171 bin wie mein Streben ſo verkant wird wie
28 1119 1351 1262 meine heiſſeſte Liebe doch ſo vernünftig bleiben
26 1216 1265 1356 ſoll daß ſie Fichte ſelber billigen müſte.
21 1294 1363 1439 Ach ich bin thöricht daß ich meinen Zorn und
17 1404 1317 1540 meine Liebe noch auszuſprechen verſuche
25 1482 1342 1618 entweder ich bin ſo unglücklig ungeſchickt
19 1567 1338 1720 daß ich es gar nicht in meiner Gewalt habe
19 1667 1367 1823 mich zu enthüllen oder ich fühle einmal ſo
21 1756 1354 1923 wie Du es nicht leiden magſt worüber Du
28 1910 718 1993 mir ſeind wirſt uſw.
62 1972 1329 2103 Um mir nun die vielen ſchlafloſen Nächte
32 2100 1305 2189 und die unmäſſigen Träume zu erſparen
