<?xml version='1.0' encoding='UTF-8'?>
<PcGts xmlns="http://schema.primaresearch.org/PAGE/gts/pagecontent/2019-07-15" xmlns:xsi="http://www.w3.org/2001/XMLSchema-instance" xsi:schemaLocation="http://schema.primaresearch.org/PAGE/gts/pagecontent/2019-07-15 http://schema.primaresearch.org/PAGE/gts/pagecontent/2019-07-15/pagecontent.xsd">
  <Metadata>
	<Creator>escriptorium</Creator>
	<Created>2023-07-22T12:05:36.476086+00:00</Created>
        <LastChange>2023-07-22T12:05:36.476100+00:00</LastChange>

  </Metadata>
  <Page imageFilename="00000160.tif.original.jpg" imageWidth="1440" imageHeight="2244">

    
    <TextRegion id="eSc_textblock_7cf45bd0" custom="structure {type:text;}">
      <Coords points="84,74 1285,79 1395,94 1395,282 1375,354 1405,433 1375,643 1405,872 1395,911 1305,941 1127,961 1095,1006 901,1042 1335,1077 1375,1107 1405,1341 1395,1524 1415,1584 1380,1625 1350,1750 1335,1845 1345,2018 1315,2113 1280,2143 1041,2167 413,2162 114,2152 64,2133 69,1321 94,1052 658,1045 522,1016 433,1016 418,1030 402,1011 294,1011 239,1030 153,991 119,991 99,1016 84,971 69,168 84,74"/>
      
      
      <TextLine id="eSc_line_e59bd328" custom="structure {type:default;}">
        <Coords points="1254,78 1236,78 1223,78 1196,91 1193,95 1075,95 1064,91 1032,80 1030,80 1028,80 1026,80 1006,89 998,95 806,95 796,89 772,76 768,76 749,76 748,76 731,89 725,91 660,91 656,87 641,76 637,76 619,76 600,76 581,76 562,76 544,76 525,76 506,76 488,76 469,74 461,82 439,74 432,74 417,74 403,86 398,91 377,86 340,78 338,78 336,78 334,78 327,84 314,74 301,74 282,74 263,74 244,74 226,74 207,74 188,74 170,74 153,86 149,86 97,86 97,129 97,172 144,172 144,170 145,170 194,151 261,168 276,172 278,172 280,172 282,172 291,168 334,151 424,151 448,166 458,172 460,172 461,172 463,172 585,164 763,151 779,160 783,164 785,164 787,164 789,164 791,164 804,160 824,153 841,160 871,173 873,173 875,175 994,175 994,173 996,173 1047,157 1060,153 1101,157 1198,164 1200,164 1245,153 1251,153 1254,153 1294,172 1296,172 1297,172 1299,172 1301,172 1329,153 1331,153 1367,153 1368,136 1365,93 1271,78 1254,78"/>
        <Baseline points="99,130 559,139 1370,138"/>
        <TextEquiv>
          <Unicode>zärtlichere Geſinnung verrahten als die</Unicode>
        </TextEquiv>
      </TextLine>

      
      
      <TextLine id="eSc_line_04d7dcc0" custom="structure {type:default;}">
        <Coords points="93,235 93,250 199,250 204,250 246,260 248,260 306,256 326,263 327,263 329,263 405,253 421,251 524,251 536,254 566,264 567,264 568,265 653,265 653,264 654,264 669,255 670,255 672,255 694,264 695,264 696,264 751,258 1004,265 1006,265 1029,260 1048,255 1067,260 1080,264 1082,264 1083,264 1099,260 1133,253 1257,255 1272,263 1280,265 1281,265 1282,265 1373,263 1375,241 1373,180 1188,180 1186,180 1185,180 1184,180 1118,211 1059,189 1058,189 1057,189 1056,189 996,209 979,203 978,203 977,203 976,203 958,213 915,213 841,183 840,183 839,183 837,183 755,210 678,196 676,196 675,196 620,211 524,211 511,203 509,203 508,203 507,203 470,206 408,196 407,196 382,201 356,188 355,188 354,188 352,188 281,209 205,209 145,184 129,178 128,178 127,178 93,184 93,235"/>
        <Baseline points="93,235 480,238 585,246 768,249 967,248 1176,238 1375,241"/>
        <TextEquiv>
          <Unicode>Sie verdienen. Leben Sie wohk und beſſern</Unicode>
        </TextEquiv>
      </TextLine>

      
      
      <TextLine id="eSc_line_c54153ba" custom="structure {type:default;}">
        <Coords points="99,361 155,362 195,383 196,383 256,387 258,387 259,387 286,376 329,386 330,387 417,387 417,386 418,386 460,371 507,385 508,385 509,385 655,383 657,383 713,360 723,356 741,360 755,362 756,362 758,362 759,362 761,360 770,354 881,354 892,360 898,362 900,362 950,365 951,365 952,365 969,359 991,352 1053,352 1075,359 1107,369 1108,369 1109,369 1181,365 1183,365 1198,359 1216,350 1341,357 1342,337 1340,284 1325,280 1324,280 1322,280 1312,284 1285,292 1255,284 1234,278 1233,278 1231,278 1199,284 1163,291 1128,284 1099,279 1098,279 1097,279 1080,285 1059,292 1021,285 1018,285 1017,285 1016,285 986,301 957,291 956,291 955,291 953,291 907,306 650,310 620,310 580,290 579,290 578,290 577,290 498,310 418,289 417,289 416,289 367,299 334,289 331,287 330,287 329,287 279,289 278,289 256,300 189,290 98,290 99,345 99,361"/>
        <Baseline points="99,345 205,340 367,350 1342,337"/>
        <TextEquiv>
          <Unicode>Sie Ihr Gemüht gegen mich. Dies Blat.</Unicode>
        </TextEquiv>
      </TextLine>

      
      
      <TextLine id="eSc_line_551195e5" custom="structure {type:default;}">
        <Coords points="92,461 92,476 160,484 162,484 205,477 225,473 233,477 284,501 285,501 286,501 428,497 430,497 465,477 471,473 499,469 532,477 533,477 534,477 576,472 589,478 594,479 595,479 597,479 615,478 704,468 728,478 729,478 730,478 731,478 733,478 734,478 769,463 812,478 845,489 846,489 847,491 876,491 876,489 877,489 903,478 951,458 1007,458 1112,468 1113,468 1114,468 1143,456 1173,471 1174,471 1175,471 1220,466 1248,479 1252,482 1254,482 1255,482 1390,479 1390,440 1386,400 1357,405 1324,400 1236,385 1235,385 1174,391 1135,381 1134,381 1133,381 1132,381 1088,400 1072,407 1034,410 984,400 981,400 979,400 978,400 977,400 930,415 701,417 643,406 642,406 640,406 605,417 567,413 566,413 564,413 543,421 501,401 486,393 484,393 483,393 351,401 322,402 89,402 92,461"/>
        <Baseline points="92,461 477,460 1390,440"/>
        <TextEquiv>
          <Unicode>bitte ich Ihrer Frau zu geben. Ich bin ganz</Unicode>
        </TextEquiv>
      </TextLine>

      
      
      <TextLine id="eSc_line_0271deaa" custom="structure {type:default;}">
        <Coords points="91,568 91,585 314,578 322,579 400,595 401,595 402,595 430,585 534,588 536,588 622,572 650,579 652,579 653,579 694,573 714,580 715,580 716,580 718,580 777,564 799,558 816,563 896,585 897,585 898,585 1021,582 1092,579 1093,579 1156,553 1174,558 1175,558 1176,558 1204,557 1205,557 1206,557 1219,549 1226,544 1366,543 1366,532 1362,493 1272,479 1271,479 1270,479 1254,488 1175,488 1174,488 1173,488 1171,488 1155,499 1148,504 1119,508 780,518 759,512 714,498 713,498 711,498 710,498 652,516 643,518 638,516 618,507 617,507 615,507 536,517 491,506 489,506 488,506 417,508 416,508 376,524 359,532 319,527 229,514 228,514 123,519 122,519 88,532 91,568"/>
        <Baseline points="91,568 488,567 1366,532"/>
        <TextEquiv>
          <Unicode>allein und könte alle meine Zärtligkeit</Unicode>
        </TextEquiv>
      </TextLine>

      
      
      <TextLine id="eSc_line_f1677a59" custom="structure {type:default;}">
        <Coords points="91,683 91,699 110,704 112,704 113,704 134,698 158,691 173,698 201,709 203,709 204,710 286,710 286,709 330,699 356,704 357,704 359,704 360,704 377,691 381,689 533,683 578,685 579,686 610,701 612,701 613,701 688,700 689,700 745,681 759,678 776,681 816,689 817,689 819,689 841,679 846,678 854,679 900,688 901,688 955,680 983,693 984,693 986,693 1069,683 1122,690 1123,690 1171,688 1173,688 1211,669 1215,666 1345,665 1345,654 1342,618 1289,610 1287,610 1286,610 1271,618 1240,604 1239,604 1238,604 1236,604 1206,620 1203,623 1171,624 1139,623 1102,605 1100,605 1099,605 992,618 902,609 901,609 900,609 881,619 856,615 855,615 854,615 821,630 820,630 819,630 791,624 790,624 789,624 766,632 733,614 731,614 730,614 629,615 628,615 627,615 618,622 573,617 572,617 571,617 517,638 513,640 398,642 392,640 352,634 351,634 306,643 300,644 297,643 256,627 255,627 254,627 253,627 236,635 224,628 223,628 221,628 220,628 219,628 182,647 180,648 89,648 91,683"/>
        <Baseline points="91,683 289,686 599,669 1345,654"/>
        <TextEquiv>
          <Unicode>ausſprechen aber ich will es nicht. Leben</Unicode>
        </TextEquiv>
      </TextLine>

      
      
      <TextLine id="eSc_line_b8d84e05" custom="structure {type:default;}">
        <Coords points="97,798 97,813 323,826 325,826 488,805 592,819 594,819 596,819 598,819 598,817 615,802 693,802 725,815 727,815 729,815 817,798 907,811 908,811 1015,792 1017,792 1051,807 1052,807 1054,807 1152,805 1153,805 1155,805 1178,791 1200,804 1202,804 1204,804 1281,794 1322,802 1324,802 1325,802 1372,783 1372,766 1368,712 1204,701 1202,701 1200,701 1174,714 1146,729 1114,716 1092,706 1090,706 1088,706 1086,706 1062,716 1013,736 951,734 927,718 920,712 918,712 916,712 914,712 873,719 811,731 796,719 785,712 783,712 781,712 779,712 688,714 686,714 671,723 662,727 592,723 510,719 508,719 506,719 504,719 497,725 458,751 368,751 347,742 345,742 344,742 342,742 340,742 319,755 246,755 198,755 166,731 162,727 160,727 158,727 157,727 93,731 97,798"/>
        <Baseline points="98,799 350,805 557,789 1373,767"/>
        <TextEquiv>
          <Unicode>Sie wohl und wen Sie mich im Gedächtniß</Unicode>
        </TextEquiv>
      </TextLine>

      
      
      <TextLine id="eSc_line_ae317947" custom="structure {type:default;}">
        <Coords points="97,937 97,954 130,968 132,968 133,968 203,964 204,964 244,951 286,961 288,961 289,961 334,943 360,933 431,939 466,942 467,942 468,942 478,937 504,925 649,918 668,926 669,926 670,926 719,915 770,915 792,925 814,932 815,932 816,932 881,930 882,930 918,918 978,900 1073,896 1152,908 1181,913 1183,913 1386,898 1386,877 1381,825 1344,839 1274,836 1272,836 1176,847 1144,834 1110,820 1109,820 1108,820 1058,821 1057,821 1037,830 963,826 962,826 961,826 931,842 917,848 867,845 840,842 839,842 837,842 824,846 785,856 756,848 728,841 726,841 725,841 724,841 703,851 657,871 614,865 613,865 612,865 578,880 392,888 319,865 305,861 304,861 302,861 93,873 97,937"/>
        <Baseline points="97,937 297,932 932,887 1386,877"/>
        <TextEquiv>
          <Unicode>behalten können ſo vergeſſen Sie mich nicht,</Unicode>
        </TextEquiv>
      </TextLine>

      
      
      <TextLine id="eSc_line_56250cb1" custom="structure {type:default;}">
        <Coords points="806,992 806,1006 930,1007 931,1007 932,1007 933,1007 935,1006 943,999 1008,1004 1009,989 1007,959 943,951 942,951 941,951 918,958 896,943 876,931 875,931 873,931 872,931 805,931 806,992"/>
        <Baseline points="806,992 1009,989"/>
        <TextEquiv>
          <Unicode>S B.</Unicode>
        </TextEquiv>
      </TextLine>

      
      
      <TextLine id="eSc_line_9a4f9b9d" custom="structure {type:default;}">
        <Coords points="1342,1083 1339,1080 1249,1075 1248,1075 1246,1075 1231,1082 1183,1103 1145,1087 1144,1087 1143,1087 1068,1103 1052,1093 1051,1093 1049,1093 1048,1093 1014,1094 1013,1094 992,1105 948,1087 947,1087 946,1087 945,1087 915,1103 857,1088 856,1088 855,1088 854,1088 801,1108 665,1112 622,1112 578,1094 577,1094 576,1094 574,1094 573,1094 544,1113 480,1113 421,1088 418,1087 417,1087 416,1087 408,1088 320,1105 271,1089 270,1089 269,1089 107,1089 109,1158 109,1169 193,1164 204,1168 234,1178 235,1178 236,1178 388,1176 390,1176 391,1176 412,1163 425,1155 576,1155 584,1159 589,1161 590,1161 592,1161 637,1159 684,1155 698,1158 743,1165 744,1165 745,1165 764,1156 834,1163 835,1163 836,1163 855,1154 864,1150 878,1153 946,1168 947,1169 1019,1169 1019,1168 1021,1168 1057,1155 1099,1164 1100,1164 1196,1146 1353,1143 1355,1134 1350,1089 1342,1083"/>
        <Baseline points="109,1158 388,1148 1060,1144 1355,1134"/>
        <TextEquiv conf="0.9818269152973973">
          <Unicode>Und doch kan ich nun nicht ſo ſcheiden doch</Unicode>
        </TextEquiv>
      </TextLine>

      
      
      <TextLine id="eSc_line_fbeab4d0" custom="structure {type:default;}">
        <Coords points="88,1251 87,1274 112,1284 113,1284 114,1285 168,1285 168,1284 169,1284 187,1275 188,1274 199,1275 288,1284 289,1284 290,1284 309,1276 407,1284 408,1285 546,1285 546,1284 547,1284 563,1276 566,1276 635,1284 637,1284 638,1284 655,1276 672,1270 693,1276 716,1284 718,1284 719,1285 775,1285 775,1284 776,1284 794,1277 811,1270 1034,1270 1085,1271 1097,1279 1105,1282 1107,1282 1108,1282 1109,1282 1122,1279 1147,1270 1203,1279 1208,1279 1209,1279 1213,1279 1259,1270 1306,1279 1332,1284 1334,1284 1381,1279 1382,1255 1380,1222 1317,1222 1264,1200 1262,1200 1261,1200 1154,1201 1153,1201 1098,1222 993,1222 941,1200 940,1200 726,1200 725,1200 724,1200 675,1222 556,1222 531,1210 529,1210 528,1210 527,1210 511,1215 447,1200 335,1200 334,1200 332,1200 291,1222 271,1222 229,1200 228,1200 226,1200 225,1200 179,1221 130,1213 129,1213 88,1221 88,1251"/>
        <Baseline points="88,1251 475,1257 1382,1255"/>
        <TextEquiv>
          <Unicode>muß ich Dir ſagen daß Deine kaltſinnige</Unicode>
        </TextEquiv>
      </TextLine>

      
      
      <TextLine id="eSc_line_29f09288" custom="structure {type:default;}">
        <Coords points="84,1370 84,1385 129,1383 144,1387 203,1408 205,1408 207,1408 439,1404 441,1404 443,1404 443,1402 460,1387 491,1402 493,1402 495,1402 547,1396 549,1396 551,1396 564,1387 585,1372 673,1372 721,1387 723,1387 725,1387 727,1387 729,1387 757,1372 912,1370 936,1381 938,1381 940,1381 1221,1361 1282,1387 1284,1387 1286,1387 1288,1387 1376,1385 1378,1353 1374,1294 1325,1280 1324,1280 1322,1280 1320,1280 1318,1280 1296,1295 1275,1309 1247,1295 1226,1288 1224,1288 1223,1288 1221,1288 1200,1297 1170,1310 1129,1303 1127,1303 1058,1312 1006,1299 963,1288 961,1288 959,1288 957,1288 955,1288 938,1299 912,1318 854,1318 813,1301 807,1299 806,1299 804,1299 802,1299 800,1299 798,1301 776,1320 742,1320 718,1303 712,1297 710,1297 708,1297 706,1297 705,1297 703,1297 695,1303 667,1320 628,1318 605,1303 594,1295 592,1295 590,1295 589,1295 562,1299 561,1299 559,1299 559,1301 555,1305 534,1323 482,1320 460,1305 450,1299 448,1299 446,1299 445,1299 443,1299 441,1299 432,1305 405,1322 345,1327 302,1325 276,1307 271,1303 269,1303 267,1303 265,1303 82,1309 84,1370"/>
        <Baseline points="86,1371 442,1361 782,1363 1221,1345 1379,1355"/>
        <TextEquiv>
          <Unicode>Briefe mich nicht erkälten können daß ich</Unicode>
        </TextEquiv>
      </TextLine>

      
      
      <TextLine id="eSc_line_f8e5ac9d" custom="structure {type:default;}">
        <Coords points="92,1479 92,1519 248,1518 249,1518 259,1515 280,1508 299,1513 311,1517 312,1517 314,1517 315,1517 325,1513 374,1491 400,1496 401,1496 402,1496 425,1489 450,1498 451,1498 452,1498 453,1498 472,1491 507,1504 508,1504 509,1504 547,1500 553,1504 566,1512 567,1512 568,1512 569,1512 676,1503 760,1508 761,1508 791,1507 792,1507 822,1494 855,1479 1016,1477 1053,1486 1057,1486 1058,1486 1059,1486 1060,1486 1077,1474 1127,1474 1191,1481 1201,1481 1203,1481 1204,1481 1209,1479 1234,1473 1245,1478 1282,1497 1284,1497 1285,1498 1309,1498 1309,1497 1310,1497 1371,1473 1371,1453 1368,1406 1216,1401 1215,1401 1214,1401 1195,1408 1163,1423 1124,1424 880,1427 850,1416 830,1408 829,1408 827,1408 826,1408 795,1417 771,1423 749,1418 719,1411 718,1411 716,1411 699,1419 672,1432 639,1419 620,1413 619,1413 585,1413 584,1413 583,1413 582,1413 569,1422 547,1436 513,1437 484,1437 447,1424 425,1417 423,1417 422,1417 361,1426 310,1433 289,1427 266,1421 265,1421 223,1421 221,1421 220,1421 193,1429 184,1432 177,1429 159,1423 158,1423 157,1423 91,1431 92,1479"/>
        <Baseline points="92,1479 1371,1453"/>
        <TextEquiv>
          <Unicode>ſo thöricht bin ſie ſo oft zu leſen bis ich</Unicode>
        </TextEquiv>
      </TextLine>

      
      
      <TextLine id="eSc_line_4b324952" custom="structure {type:default;}">
        <Coords points="74,1608 231,1619 233,1619 235,1619 276,1606 288,1602 293,1606 310,1617 312,1617 314,1617 316,1619 377,1619 377,1617 379,1617 381,1617 398,1604 402,1600 409,1604 441,1615 443,1615 445,1617 581,1617 581,1615 583,1615 615,1600 645,1585 757,1595 759,1595 916,1583 998,1595 1008,1595 1009,1595 1021,1595 1118,1580 1121,1633 1170,1595 1172,1595 1174,1595 1176,1595 1183,1591 1204,1580 1324,1578 1389,1587 1391,1568 1389,1524 1361,1505 1359,1505 1357,1505 1355,1505 1353,1505 1275,1525 1269,1527 1092,1527 1077,1524 1047,1514 1045,1514 1043,1514 1041,1514 1017,1524 1000,1531 920,1531 892,1522 856,1510 854,1510 751,1510 749,1510 705,1512 703,1512 701,1512 691,1522 676,1533 604,1525 602,1525 600,1525 574,1535 518,1520 508,1518 506,1518 504,1518 484,1520 402,1529 381,1520 377,1518 375,1518 289,1516 288,1516 286,1516 280,1518 237,1540 203,1540 157,1518 155,1518 72,1518 74,1585"/>
        <Baseline points="76,1587 470,1582 890,1565 1392,1569"/>
        <TextEquiv>
          <Unicode>den gleichgültigen Worten einen zärtlichen</Unicode>
        </TextEquiv>
      </TextLine>

      
      
      <TextLine id="eSc_line_6e4e5ed1" custom="structure {type:default;}">
        <Coords points="88,1691 88,1712 152,1704 201,1711 206,1711 208,1711 209,1711 210,1711 238,1695 269,1695 305,1701 306,1701 471,1691 537,1701 557,1704 558,1704 691,1701 693,1701 703,1696 718,1687 766,1685 867,1690 868,1690 928,1683 943,1689 952,1694 953,1694 955,1694 983,1689 989,1687 997,1687 1053,1694 1054,1694 1134,1691 1171,1683 1200,1675 1248,1675 1261,1680 1275,1685 1276,1685 1277,1685 1330,1678 1330,1661 1329,1626 1282,1606 1281,1606 1259,1606 1257,1606 1256,1606 1223,1625 1194,1626 1113,1633 1068,1633 1059,1626 1029,1611 1028,1611 1027,1611 963,1613 900,1628 860,1636 811,1628 770,1620 769,1620 718,1628 685,1633 669,1628 649,1621 648,1621 647,1621 618,1628 563,1641 517,1629 497,1623 496,1623 451,1623 450,1623 448,1623 432,1629 411,1636 390,1629 384,1626 382,1626 381,1626 380,1626 379,1626 375,1629 345,1648 266,1649 183,1646 155,1629 154,1629 153,1629 152,1629 86,1629 88,1691"/>
        <Baseline points="88,1691 451,1680 1048,1673 1330,1661"/>
        <TextEquiv>
          <Unicode>Sinn unterlege daß ich mich bemühe das</Unicode>
        </TextEquiv>
      </TextLine>

      
      
      <TextLine id="eSc_line_abe41fc9" custom="structure {type:default;}">
        <Coords points="79,1810 79,1827 122,1841 123,1841 124,1841 167,1840 168,1840 169,1840 187,1827 208,1832 209,1832 210,1832 211,1832 228,1826 236,1821 344,1817 377,1823 417,1831 418,1831 420,1831 446,1822 476,1813 508,1822 518,1823 519,1823 521,1823 529,1821 547,1817 590,1821 673,1827 674,1827 736,1821 738,1821 744,1818 765,1808 816,1813 817,1813 819,1813 839,1805 947,1808 948,1808 984,1802 1011,1810 1012,1810 1013,1810 1014,1810 1016,1810 1029,1801 1083,1805 1084,1805 1085,1805 1100,1798 1158,1812 1164,1813 1165,1813 1319,1810 1319,1778 1315,1744 1080,1749 1065,1742 1036,1730 1034,1730 1033,1730 1013,1732 979,1720 978,1720 977,1720 976,1720 974,1720 952,1735 921,1721 920,1721 918,1721 917,1721 886,1737 804,1739 802,1739 801,1739 795,1742 779,1752 716,1759 664,1742 635,1734 634,1734 633,1734 589,1742 587,1742 585,1742 567,1734 566,1734 564,1734 563,1734 529,1742 518,1745 511,1742 488,1734 487,1734 486,1734 484,1734 467,1742 421,1766 369,1767 320,1742 317,1741 316,1741 315,1741 314,1741 311,1742 281,1755 251,1742 243,1739 241,1739 240,1739 77,1741 79,1810"/>
        <Baseline points="79,1810 1319,1778"/>
        <TextEquiv>
          <Unicode>Beſtreben ſo bald zurik zu kehren ganz</Unicode>
        </TextEquiv>
      </TextLine>

      
      
      <TextLine id="eSc_line_357687da" custom="structure {type:default;}">
        <Coords points="67,1911 67,1922 173,1942 175,1942 312,1922 331,1920 338,1922 402,1946 403,1946 405,1946 407,1946 501,1922 510,1920 519,1922 564,1935 566,1935 568,1935 663,1922 693,1918 699,1922 727,1939 729,1939 731,1939 733,1939 828,1926 864,1944 865,1944 867,1944 1062,1942 1064,1942 1065,1942 1094,1922 1105,1914 1307,1920 1310,1898 1307,1858 1266,1868 1254,1858 1245,1851 1245,1849 1243,1849 1241,1849 1208,1849 1206,1849 1204,1849 1202,1849 1187,1858 1181,1864 1064,1870 1045,1860 1022,1851 1021,1851 1019,1851 1017,1851 996,1862 983,1870 972,1862 964,1856 963,1856 961,1856 959,1856 890,1862 869,1864 864,1862 826,1853 824,1853 822,1853 820,1853 789,1864 766,1871 749,1864 723,1853 721,1853 720,1853 718,1853 690,1866 669,1873 561,1866 510,1864 508,1864 448,1868 351,1875 340,1870 331,1862 329,1862 327,1862 325,1862 323,1862 306,1870 293,1877 222,1877 213,1871 196,1858 194,1858 192,1858 130,1858 129,1858 65,1871 67,1911"/>
        <Baseline points="68,1912 766,1908 1060,1898 1312,1899"/>
        <TextEquiv>
          <Unicode>allein um meinetwillen zu glauben</Unicode>
        </TextEquiv>
      </TextLine>

      
      
      <TextLine id="eSc_line_c85ab513" custom="structure {type:default;}">
        <Coords points="57,2015 57,2038 194,2023 235,2040 265,2053 267,2053 269,2055 321,2055 321,2053 323,2053 325,2053 340,2040 362,2023 381,2023 409,2042 422,2051 424,2051 426,2051 428,2053 547,2053 547,2051 549,2051 551,2051 566,2042 579,2034 605,2042 611,2043 613,2043 615,2043 617,2043 620,2042 641,2030 673,2042 697,2051 699,2051 701,2051 703,2051 720,2043 755,2025 783,2043 791,2049 792,2049 794,2049 796,2049 828,2043 858,2036 860,2036 862,2036 862,2034 880,2019 916,2028 918,2028 920,2028 921,2028 923,2028 936,2019 1030,2027 1032,2027 1165,2017 1208,2045 1209,2047 1211,2047 1213,2047 1215,2047 1310,2045 1310,2010 1307,1963 1251,1970 1234,1963 1195,1944 1193,1944 1047,1944 1045,1944 1043,1944 989,1967 981,1969 976,1967 957,1959 955,1959 953,1959 920,1967 897,1972 890,1967 867,1948 867,1946 865,1946 864,1946 862,1946 860,1946 820,1969 819,1969 817,1969 768,1946 766,1946 764,1946 763,1946 705,1969 693,1974 684,1969 643,1948 641,1948 602,1948 600,1948 598,1948 546,1970 538,1974 525,1972 452,1954 450,1954 448,1954 415,1972 409,1976 364,1976 357,1974 319,1950 317,1950 316,1950 267,1950 265,1950 263,1950 261,1950 224,1974 220,1978 56,1978 57,2015"/>
        <Baseline points="59,2017 731,2003 1312,2011"/>
        <TextEquiv>
          <Unicode>und es zu vergeſſen ſuche was Dich noch</Unicode>
        </TextEquiv>
      </TextLine>

      
      
      <TextLine id="eSc_line_ea60c1fd" custom="structure {type:default;}">
        <Coords points="79,2129 108,2139 109,2139 110,2139 163,2129 167,2129 170,2129 250,2151 251,2151 351,2154 352,2154 354,2154 384,2143 410,2154 411,2154 412,2155 491,2155 491,2154 492,2154 507,2146 537,2154 538,2154 539,2154 541,2154 613,2130 659,2145 660,2145 662,2145 726,2135 743,2139 744,2139 745,2139 746,2139 765,2129 766,2129 901,2129 936,2145 937,2145 938,2145 973,2145 991,2154 992,2154 993,2155 1080,2155 1080,2154 1082,2154 1129,2129 1269,2128 1270,2113 1267,2061 1196,2075 1140,2063 1113,2057 1112,2057 1110,2057 1097,2063 1072,2076 1039,2076 1016,2064 1004,2059 1003,2059 957,2057 956,2057 955,2057 930,2065 901,2076 830,2076 812,2066 790,2055 789,2055 699,2055 698,2055 696,2055 659,2065 643,2057 642,2057 584,2055 583,2055 582,2055 580,2055 557,2070 546,2076 443,2076 430,2071 395,2060 393,2060 392,2060 391,2060 371,2066 341,2055 340,2055 307,2055 306,2055 305,2055 304,2055 285,2066 177,2063 175,2063 174,2063 145,2075 144,2076 79,2076 79,2116 79,2129"/>
        <Baseline points="79,2116 279,2119 544,2111 1270,2113"/>
        <TextEquiv>
          <Unicode>alles hieher zieht. Lebe wohl ich will</Unicode>
        </TextEquiv>
      </TextLine>

      
    </TextRegion>
    

    
  </Page>
</PcGts>