1440 2303
47 92 1360 172 euch beide auf einmal zu ſehen. Den Brief vom
48 167 1360 246 Schütze hoffe ich haben Sie nun ſchon erhalten worin
44 236 1369 322 er Ihnen über die Vorleſung ſchreiben wolte woran
42 303 1392 404 wir alle keinen Zweifel haben daß ſie zuſtan,
38 401 1391 492 de komt die Berg hat nemlich verſprochen 20 zu ſchaffen
39 487 1369 568 wen daß iſt ſo iſt es keine Frage daß wir noch 20
48 560 1374 639 ſchaffen die ſich ſogleich unterzeichnen es komt nur da
46 643 1383 720 rauf an daß wir die Liſte von der Berg zu zurik erhal,
48 712 1383 800 ten: die ſich dabei vornehm beträgt und uns ſehr lan
51 794 1395 882 ge darauf warten läßt. Die Übrigen finden ſich dan
46 871 1386 976 gewiß auch doch iſt Ihre Gegenwart wen es zuſtande
46 963 1360 1042 kommen ſoll nohtwendig die Leute werden nicht
42 1032 1374 1113 eher daran glauben als bis Sie hier ſind. Es war
51 1109 1372 1193 mit dem Ausgeben der Karten eine ſchlechte Mas,
49 1178 1384 1274 regel und wir haben alle nur bewießen daß wir
46 1243 1395 1366 die Berliner nicht kennen da wir ihnen zugetraut
55 1335 1350 1429 haben daß ſie ihr Geld ſo lange vorher an eine
55 1420 1383 1507 Sache wagen werden die nicht gewiß iſt. Mit der
49 1506 1381 1604 Liſte iſt weit geſcheuter die sich nun ſelbſt unter,
57 1590 1392 1677 ſchrieben haben können doch nicht ſo ohne Ehre ſein
51 1679 1387 1769 daß ſie die Karten nicht holen lieſſen wen die Vor
47 1772 1379 1861 leſung anfängt. Kommen Sie nur es zweifelt in der
46 1832 1386 1953 That niemand daran daß Sie 60 Zuhörer ſinden. Wen
46 1909 1372 2030 mir die Berg endlig die Liſte an Buri zurik giebt
48 1997 1381 2111 ſo wolte ich Sie Ihnen ſehr bald zuſchiken damit Sie
46 2093 1322 2207 ſehen könten daß es sich in der That ſo verhält.
