1440 2303
47 60 1391 153 welche mir Dein billiger auf eine gelinde liebe,
39 139 1390 254 volle Art zurechtweiſender Beief verurſacht hat
39 234 1384 331 ſo habe ich beſchloſſen keinen beſondern mehr
32 331 1397 418 an Dich zu ſchreiben ſondern Dieß den lezten
33 431 1401 522 ſein zu laſſen und waß ich etwa freundſchaft
33 511 1406 621 licher Weiſe in vernünftigen Geſchäften zu
35 620 1393 716 berichten habe in Bernhardis Gegenwart zu
32 704 1405 829 thun damit ich nicht meine kindiſche Sehnſucht
28 803 1377 899 meine heftige Liebe oder meine unkluge
32 907 1336 1010 Empfindligkeit meinen ſtrengen Richtern
28 992 1376 1110 vrrahten habe. Selbſt meine Eitelkeit fän
25 1102 1342 1221 de nicht einmal ihre Rechnung wen meine
26 1202 1390 1315 Leidenſchaft die nur allein für Dich entbrant
34 1289 1369 1408 iſt ſo übel abgefertigt in mein eigen Herz
30 1403 1363 1499 dich verſchlieſſen muß. Lebe wohl ich gleube
30 1500 1384 1606 nicht von Dir daß Du alle zärtliche Briefe die
24 1599 1365 1719 jemals an Dich geſchrieben ſind ſo wie die
23 1692 898 1828 meinigen beantwortet hast
936 1713 1109 1840 S B.
