1464 2244
84 98 1376 178 rathen mögte wie mein Herz mich treibt. Ich
57 189 1390 268 mag aber die Glut die mich verzehrt nieman
56 265 1402 377 den verrathen und ſo ſind ſie ſteif und kalt.
73 365 1360 497 Ich habe jezt wieder Deine Gedichte geleſen
50 474 1392 585 und die Schmerzen die ſie mir verurſachen
44 579 1319 704 recht mit Wolluſt genoſſen. Ich ſehe darin
44 689 1384 796 Dein liebendes Gemüht Deine frühe unerkan,
47 782 1362 900 te Zärtlichkeit und nicht für mich. Die Bäu,
44 911 1369 1002 me ſind keine Sinbilder der Liebe ſie blü,
46 1018 1365 1135 hen jedes Jahr und tragen Früchte. Aber die
51 1124 1367 1230 zarten Blumen ſie blühen und duften nur
47 1254 1106 1347 einmal und welken für immer.
130 1353 1364 1452 Daß ich Dich nicht mehr ſehe alles weckt die
59 1456 1367 1540 Erinnerung an dich mein kleiner Wilhelm kan
44 1557 1334 1665 Dich noch nicht vergeſſen er geht jeden Mor,
58 1665 1340 1755 gen an Deine Thür um Dich zu ſuchen. Wo
43 1759 1294 1861 mit ich Dich ſcherzend neckte quält nun
44 1869 1354 1952 mein eigenes Herz mit Schmerzen ich kan
50 1957 1370 2060 meinen Wilhelm nicht nennen ohne an Dich
62 2063 1315 2161 zu denken und wen ich ihn rufe und er
