1440 2303
52 107 874 180 ſes Gefühls wegen feind wirſt.
69 170 1363 272 Du magſt es nicht leiden wen man sagt man kan
30 236 1365 349 nicht glücklig ſein wen man liebt und geliebt wird
52 319 1360 417 ſoll man es ſein wollen wen auch noch viele Schritte
38 409 1359 507 bis dahin ſind. Wen dieſer ſchöne Ausſpruch nicht
32 505 1304 591 mich beträfe ſo könte ich Dich darüber auslachen.
38 579 1393 694 Wen man noch Schritte bis zum Glücklichſein zu thun
38 674 1381 766 hat kan man ja eben nicht wollen. Daß Du das waß
32 758 1352 845 mich quält nicht verſtehſt haſt Du mir bewieſen ſo
34 832 1399 938 wenig als Du meine Liebe verſtehſt den ſonſt köntest
34 923 1387 1024 Du mir den einen und den andern Raht und Verweiß
33 1014 1367 1113 nicht geben. Nein es iſt arg wen man nicht Worte
37 1109 1367 1202 genu finden kan um es zärtlig genug zu ſagen
34 1200 1373 1299 wie ſehr der Andere in jeden Augenblik des Lebens
30 1306 1365 1388 unſer Herz ausfült einen ganzen Brief voll Vor,
30 1385 1416 1510 würfe zu erhalten ich bin eitel genug daß ich weit
40 1491 1370 1580 eher auf Deinen Dank als auf Deine Verweiſe
34 1594 1379 1685 gerechnet habe. Freilich bin ich ſo albern daß ich
30 1697 1374 1779 weit mehr auf Worte als auf Handlungen gebe.
33 1783 1345 1883 Ich läugne es nicht und da es uns einmal nicht
26 1883 1378 1971 möglich etwas anders als auß unſerm Innern he,
25 1958 1370 2066 rauß zu betrachten ſo läßt ſich dies ſehr leicht er,
30 2073 1405 2168 klären da ich mit meinen Handlungen eben weil
39 2150 1386 2255 ich ſie als eine Äuſſerligkeit betrachte weit freige„
