1464 2244
49 78 1355 193 dieſen Verfolger grämen ſo muß ich Ihnen gleich
48 195 1361 279 zum Troſte melden daß ſich ein Bewunderer vorge,
46 281 1375 365 funden hat wie ich noch niemals einen kennen
42 376 1382 478 gelernt habe. Er nent sich Tümpeling Sie werden
39 487 1380 587 gewiß ſchon von ihm gehört haben er ſpricht gar nicht
37 569 1381 692 anders als von dem groſſen Tieck und Schlegel iſt
46 680 1379 796 gegen mich weil ich Tiecks Schweſster und auch ſonſt
43 790 1361 888 eine interreſſante Frau ein Stern ſeltener
46 887 1349 999 Gröſſe bin ſo unterthänig daß er mit dem
46 983 1362 1117 Kopfe faſt immer unter dem Tiſch war dabei
48 1070 1386 1217 hatte er ein groſſes Manuſcript in der Taſche und
42 1216 1375 1345 laß uns ohne Umſtände recht wie einen Bewun,
39 1310 1370 1437 derer geziehmt ein Gedicht vor welches er in Müch,
43 1416 1377 1538 lers Almanach abdruken läßt wovon wir aber
41 1529 1367 1634 weil er bei ſeinem Leſen ſo ſehr in Eifer ge,
39 1634 1361 1746 rieht daß er mit einer groſſen Wuht und Ge,
46 1744 1371 1846 ſchwindigkeit alles ausſprach ſehr wenig verſtan
43 1832 1349 1937 den haben. Was es übrigens für ein Gedicht
38 1931 1339 2035 kennen Sie darauß ſehen daß er glaubt der
46 2052 1379 2156 polniſche Jude vertraue nur ſeiner Kraft und
