1440 2303
63 103 1393 222 Ungers Bereitwilligkeit zu einem Vergleich ſehr
48 199 1388 310 wohl erklären. Es iſt ihm nemlig begegnet daß
48 293 1372 408 jmeand Ramlers Gedichte welche Sander verlegt
49 396 1347 479 hat um den halben Preis gekauft hat doch ohne
40 481 1372 577 Titel man hat ihm geſagt Sander wirde ihm
43 571 1364 664 leicht den Titel dazu geben und der Menſch geht
34 662 1354 765 in aller Unſchlud hin zu Sander um ihn zu fo,
696 719 785 790 daß
32 748 1378 854 dern Sander findet aber dies Exemplar vom Ram,
38 840 1363 933 ler ein Nachdruck iſt und behält es zurik. Bekant,
35 933 1355 1035 lig hat Sander Ramlers Gedichte bei Unger
26 1033 1355 1129 druken laſſen und ſo möchte es ihm nun frei,
28 1127 1364 1224 lig wohl ſehr unangenehm ſein wen dieſe beiden
26 1226 1358 1317 Geſchichten zugleich bekant wirden ob ich gleich glaube
24 1324 1361 1406 daß er für dieſen Vorfall nicht kan da in ſeiner
28 1402 1374 1521 Handlung eine ſo groſſe Unordnung iſt ſo muß er
30 1519 1336 1604 ihn doch verantworten. doch bitte ich Sie dieß nicht
39 1622 1364 1704 Gratenauer zu ſcreiben wen man manche Sachen
28 1691 1344 1800 auch gewiß weiß ſo kan man ſie doch nicht behaup,
34 1789 1319 1882 ten ſo könte er mich in Verlegenheit bringen.
52 1866 1340 1963 Über Ihre Vorleſung kan ich Ihnen noch nicht viel
32 1951 1315 2063 ſagen da es erſt eine ſo kurze Zeit iſt die
25 2045 1329 2157 meiſten Leute werden nicht ſo eilig nach den
42 2150 1338 2247 Billetten ſchiken welche Schütze jeden Nachmit,
