1440 2244
108 224 1316 319 Nur mit einigen Worten will ich bitten wen
104 316 1322 422 es angeht zu beſorgen daß wen mein Bru,
104 403 1294 519 der mit ſeiner Zeichnung etwas zu ſpät
110 508 1363 612 kommen ſolte daß ſie dennach angenommen
94 595 1346 708 wirde. Dieſe Bitte habe ich neulig vergeſſen
108 691 1301 820 Und dan wen der Thee auch ſchwächend
96 790 1312 917 iſt und er verachtet werden ſoll ſo bitte
92 902 1342 1030 ich doch nicht ſo ſehr daß ich am ende gar
104 1013 1321 1123 keinen bekäme den ich muß doch zuwei
108 1125 1339 1226 len andern Leuten welchen anbiehten.
108 1194 1307 1335 die Ankündigung wird gedrukt und ich
122 1331 1352 1427 hoffe es wird einen guten Erfolg haben.
129 1428 1344 1528 Der plänkende Huſar macht ſich fertig.
133 1540 1327 1645 alles was in ſeinen Kräften ſteht
134 1671 751 1740 dazu beizutragen.
175 1761 1355 1867 Daß meine Vorſchläge nicht angnom,
118 1866 1292 1951 men ſind thut mir leid und ich will
113 1972 1241 2055 nun auch mit keinem Worte eine
