1440 2303
39 56 1369 165 Tag um 3 Uhr auf dem Caſſino ausgiebt. Wen es
26 147 1374 263 Bernhardi oder Schleiermacher beſorgt hätten ſo wir,
25 239 1374 353 den ſchon viele keine gekauft haben weil es doch gar
29 323 1360 437 zu erbärmlig geklungen hätte wen man unter
23 415 1374 520 die Ankündigungen geſchrieben hätte daß ſie auf
19 504 1367 616 der Charite zu haben ſind und gar zu pedantiſch
24 601 1376 698 wen ſie von dem Schulhauſe abzuholen wären ſo
25 687 1367 803 klingt die Sache viel eleganter. Fröhlig hat die
17 779 1384 907 Ankündigungen auf ſehr hübſches Papier gedruckt
16 871 1374 1010 und ſich erbohten 10 Zuhörer zu ſchaffen 2 davon
16 965 1355 1093 ſind wenigſtens gewiß nehmlig ſeine Frau
10 1063 1365 1186 und ſeine Schwester. Ich habe für dieſe Vorle,
17 1151 1390 1306 ſung das Mögliche gethan und meinen Abſcheu
20 1260 1367 1403 gegen die franzöſiſche Sprache überwunden
17 1351 1386 1498 und neulig mit einem gruſchiſchen Fürſten
19 1471 1374 1578 eine franzöſiſche Unterredung gehalten da
25 1576 1374 1670 nun dieſer junge Mann auf Bildug reißt und
32 1667 1364 1774 gern deutſch lernen will ſo empfahl ich die
26 1754 1368 1890 Vorleſung und er war ſo gleich bereitwillig für
24 1851 1361 1961 ſich und einen Docktor welchen er bei ſich hat,
17 1938 1357 2061 te Billette zu nehmen auch noch zwei polniſche
17 2032 1355 2149 Grafen dahin zu bewegen. Sie haben alſo
23 2122 1370 2245 die beſte Auſſicht Zuhörer von allen Nationen
