<?xml version='1.0' encoding='UTF-8'?>
<PcGts xmlns="http://schema.primaresearch.org/PAGE/gts/pagecontent/2019-07-15" xmlns:xsi="http://www.w3.org/2001/XMLSchema-instance" xsi:schemaLocation="http://schema.primaresearch.org/PAGE/gts/pagecontent/2019-07-15 http://schema.primaresearch.org/PAGE/gts/pagecontent/2019-07-15/pagecontent.xsd">
  <Metadata>
	<Creator>escriptorium</Creator>
	<Created>2023-07-22T12:05:36.401179+00:00</Created>
        <LastChange>2023-07-22T12:05:36.401194+00:00</LastChange>

  </Metadata>
  <Page imageFilename="00000150.tif.original.jpg" imageWidth="1464" imageHeight="2244">

    
    <TextRegion id="eSc_textblock_0e8a6c3b" custom="structure {type:text;}">
      <Coords points="1339,74 1389,84 1395,93 1395,138 1397,138 1384,259 1399,482 1369,638 1384,653 1379,961 1393,980 1393,1302 1399,1302 1399,1315 1401,1316 1401,1390 1399,1395 1401,1396 1401,1588 1399,1590 1401,1591 1401,1988 1394,1994 1395,2019 1401,2020 1401,2165 1403,2165 1403,2172 1299,2187 39,2177 19,1011 34,89 953,74"/>
      
      
      <TextLine id="eSc_line_7adf6621" custom="structure {type:default;}">
        <Coords points="582,80 563,80 561,80 556,86 544,95 509,86 490,80 488,82 469,82 456,82 443,86 404,97 363,86 355,84 338,84 320,84 310,86 284,89 258,84 245,86 226,86 213,86 181,99 123,99 108,87 95,87 76,87 58,87 39,87 41,132 44,162 56,153 189,153 247,160 318,172 320,172 322,172 323,172 336,160 338,158 346,160 357,164 359,164 361,164 363,164 372,160 395,153 417,160 447,172 449,172 451,172 453,172 484,160 512,151 546,160 578,170 580,170 582,170 632,160 664,155 687,160 720,170 722,170 724,172 831,172 831,170 833,170 834,170 848,160 859,151 906,149 962,149 986,160 1005,168 1007,168 1009,170 1127,170 1127,168 1128,168 1130,168 1140,160 1151,151 1205,149 1244,160 1248,160 1250,160 1252,160 1254,160 1256,160 1274,149 1383,158 1385,132 1381,93 1336,84 1334,84 1332,84 1331,84 1321,91 1317,95 1136,95 1130,91 1112,76 1110,76 1108,76 1106,76 1035,89 1018,93 1012,89 997,76 995,76 994,76 958,76 956,76 954,76 919,89 900,97 808,97 786,87 754,78 752,78 750,78 660,87 651,87 642,87 584,80 582,80"/>
        <Baseline points="43,134 395,142 1387,133"/>
        <TextEquiv>
          <Unicode>ſei wobei Sie die Bosheit gegen den Preſidenten</Unicode>
        </TextEquiv>
      </TextLine>

      
      
      <TextLine id="eSc_line_2d7d12be" custom="structure {type:default;}">
        <Coords points="38,221 38,241 87,241 88,241 123,253 124,253 125,253 127,253 162,241 273,250 274,250 275,250 296,241 347,244 349,244 382,238 391,236 404,238 505,248 506,248 551,238 569,244 571,244 572,244 647,238 799,244 800,244 801,244 826,233 887,239 889,239 890,239 922,230 930,229 975,229 975,230 1005,241 1006,241 1007,241 1170,239 1172,239 1173,239 1193,226 1195,225 1207,226 1249,233 1250,233 1361,224 1361,213 1359,178 1328,175 1300,160 1299,160 1298,160 1197,162 1195,162 1160,180 1149,187 1077,187 1068,182 1049,173 1048,173 1047,173 1046,173 1021,183 1005,188 971,183 966,183 965,183 935,184 785,190 771,187 724,169 723,169 722,169 720,169 665,188 650,193 642,188 614,174 613,174 567,170 566,170 508,172 507,172 458,190 446,196 369,196 354,193 296,175 295,175 294,175 211,194 173,177 172,177 125,177 124,177 37,196 38,221"/>
        <Baseline points="38,221 182,229 557,228 1361,213"/>
        <TextEquiv>
          <Unicode>nicht verläugnen könten es ſei eine ſchwerfällige</Unicode>
        </TextEquiv>
      </TextLine>

      
      
      <TextLine id="eSc_line_2eed6331" custom="structure {type:default;}">
        <Coords points="35,359 59,351 69,359 93,375 95,375 97,375 99,377 123,377 123,375 202,366 204,366 226,355 239,347 469,344 481,349 511,364 512,364 580,366 582,366 670,345 692,338 778,338 793,342 855,360 857,360 859,360 861,360 945,338 966,334 986,338 1078,355 1080,355 1123,353 1125,353 1127,353 1151,334 1158,329 1170,334 1218,353 1220,353 1222,353 1224,353 1226,353 1261,332 1271,327 1346,329 1347,306 1344,244 1295,246 1293,246 1222,278 1162,278 1097,258 1095,258 1093,258 1091,258 1025,282 962,282 934,261 924,254 922,254 921,254 859,254 857,254 767,261 765,261 746,271 715,286 696,273 681,261 679,261 677,261 675,261 673,261 642,271 619,261 617,261 615,261 614,261 572,276 526,261 524,261 522,261 520,261 518,261 507,271 475,265 473,265 471,265 469,265 447,284 436,293 305,297 250,297 245,291 224,278 222,278 220,278 219,278 217,278 187,295 181,297 179,295 129,269 127,269 125,269 123,269 121,269 40,262 37,290 31,301 33,336"/>
        <Baseline points="34,338 981,321 1271,306 1349,307"/>
        <TextEquiv>
          <Unicode>Sache die er mit Leichtigkeit und ohne ſich zu erzür,</Unicode>
        </TextEquiv>
      </TextLine>

      
      
      <TextLine id="eSc_line_462a2d85" custom="structure {type:default;}">
        <Coords points="36,441 231,457 233,457 337,455 339,455 362,445 401,447 402,447 465,436 578,446 579,446 697,431 710,430 715,431 759,445 760,445 761,445 763,445 785,435 815,441 816,441 818,441 862,430 909,443 910,443 911,443 912,443 960,428 1023,442 1025,442 1123,440 1124,440 1165,423 1173,421 1376,421 1377,403 1374,352 1283,361 1225,355 1202,352 1200,352 1088,354 1063,357 1021,366 995,360 991,359 990,359 988,359 987,359 985,360 955,371 906,361 892,359 891,359 890,359 889,359 885,361 869,371 859,367 857,367 856,367 855,367 835,375 791,364 778,360 776,360 775,360 774,360 758,364 724,372 667,366 634,362 633,362 632,362 623,366 586,386 558,388 371,390 289,374 269,370 268,370 266,370 259,374 224,393 86,396 36,378 36,423 36,441"/>
        <Baseline points="36,423 533,427 1377,403"/>
        <TextEquiv>
          <Unicode>nen aufgenommen habe. Der Eſel des Preſidenten</Unicode>
        </TextEquiv>
      </TextLine>

      
      
      <TextLine id="eSc_line_d37cd474" custom="structure {type:default;}">
        <Coords points="1376,466 1310,455 1309,455 1261,462 1238,456 1237,456 1235,456 1127,458 1126,458 1102,472 1084,482 1059,484 1027,473 988,461 987,461 986,461 985,461 947,476 915,489 759,492 684,482 594,469 593,469 528,486 477,498 421,494 407,488 369,474 367,474 366,474 365,474 316,491 291,499 270,492 248,483 246,483 221,483 220,483 219,483 200,493 183,503 160,494 147,489 145,489 144,489 114,496 79,503 33,498 33,534 34,563 62,552 202,549 255,557 311,565 313,565 426,563 470,559 471,559 487,551 497,546 523,549 537,552 538,552 557,549 598,542 632,547 683,554 684,554 685,554 712,544 714,544 715,544 739,552 740,552 741,552 823,544 854,553 855,553 856,553 924,552 925,552 962,538 978,537 1062,531 1099,534 1212,546 1213,546 1310,528 1328,526 1377,526 1379,504 1376,466"/>
        <Baseline points="33,534 708,534 1379,504"/>
        <TextEquiv>
          <Unicode>ſei viel witziger leichter und beſſer und Sie haben</Unicode>
        </TextEquiv>
      </TextLine>

      
      
      <TextLine id="eSc_line_b2730694" custom="structure {type:default;}">
        <Coords points="33,634 33,666 67,679 68,679 69,679 113,678 114,678 143,665 198,675 199,675 223,674 224,674 225,674 250,659 263,652 342,650 376,654 446,664 447,664 448,664 482,654 518,660 520,660 521,660 546,648 554,644 617,642 685,642 690,643 727,659 728,659 729,659 857,655 859,655 914,635 917,633 1067,628 1073,629 1118,643 1119,643 1121,643 1178,633 1229,644 1230,644 1339,619 1339,585 1335,557 1227,546 1225,546 1190,547 1189,547 1153,562 1126,573 1061,564 986,554 985,554 983,554 935,568 891,582 683,587 652,577 644,574 643,574 642,574 640,574 633,577 601,589 529,580 442,569 441,569 386,578 367,572 366,572 365,572 258,575 256,575 221,589 197,599 175,590 147,579 145,579 144,579 143,579 104,589 72,580 71,580 69,580 68,580 31,594 33,634"/>
        <Baseline points="33,634 470,634 881,622 1064,612 1339,585"/>
        <TextEquiv>
          <Unicode>doch auf die Satire darin gegen Sie nichts zu</Unicode>
        </TextEquiv>
      </TextLine>

      
      
      <TextLine id="eSc_line_b87a8915" custom="structure {type:default;}">
        <Coords points="34,746 34,765 78,757 112,765 127,767 128,767 149,764 185,757 216,762 246,766 248,766 249,766 264,761 293,751 316,760 347,770 349,770 350,770 647,765 648,765 700,750 710,748 719,749 768,760 769,760 770,760 810,748 831,740 847,746 852,748 854,748 855,748 856,748 862,745 879,740 911,744 927,746 929,746 930,746 939,744 958,738 1051,741 1077,741 1078,741 1093,740 1128,735 1149,739 1168,741 1169,741 1198,738 1228,733 1243,736 1285,748 1286,748 1288,748 1355,733 1356,716 1354,668 1202,663 1200,663 1199,663 1173,673 1126,693 891,696 854,683 825,673 824,673 823,673 773,674 771,674 720,688 690,695 670,689 627,675 626,675 624,675 478,678 477,678 440,696 421,706 340,708 279,703 278,701 236,683 235,683 234,683 233,683 193,699 167,691 165,691 164,691 33,709 34,746"/>
        <Baseline points="34,746 587,745 1012,724 1356,716"/>
        <TextEquiv>
          <Unicode>erwiedern gewuſt. Sehen Sie mein Freund daß</Unicode>
        </TextEquiv>
      </TextLine>

      
      
      <TextLine id="eSc_line_d8a07532" custom="structure {type:default;}">
        <Coords points="37,856 37,885 77,885 78,885 123,862 162,860 204,860 248,878 249,878 250,880 260,880 283,880 283,878 443,873 445,873 447,872 505,855 528,858 529,858 593,848 680,855 682,855 738,843 828,855 829,855 830,855 879,841 925,853 926,853 927,853 929,853 980,837 1003,842 1005,842 1146,834 1179,848 1185,851 1187,851 1188,851 1229,850 1230,850 1243,846 1303,829 1350,842 1353,816 1348,759 1295,760 1294,760 1291,760 1220,785 1086,785 1035,772 1033,772 1032,772 1031,772 992,791 956,791 906,776 891,772 890,772 889,772 887,772 870,779 813,797 664,800 640,787 634,785 633,785 632,785 630,785 622,789 617,790 613,789 599,784 598,784 597,784 596,784 579,790 557,799 532,792 498,784 497,784 496,784 445,785 443,785 418,797 394,809 371,799 365,796 364,796 339,795 337,795 336,795 335,795 325,801 308,811 284,802 259,794 258,794 200,792 199,792 94,796 93,796 61,812 59,814 34,814 37,856"/>
        <Baseline points="37,856 1353,816"/>
        <TextEquiv>
          <Unicode>ist der Ruhm habe ich nun nicht recht wen ich be,</Unicode>
        </TextEquiv>
      </TextLine>

      
      
      <TextLine id="eSc_line_2dd7dbd2" custom="structure {type:default;}">
        <Coords points="35,963 35,998 134,996 136,996 138,996 170,970 207,964 245,964 288,987 293,991 295,991 297,991 299,991 301,991 305,987 329,968 381,964 400,976 402,976 404,976 406,976 408,976 409,976 428,963 447,979 449,979 451,979 503,983 505,983 507,983 522,976 561,953 602,964 604,964 606,964 608,964 666,949 690,961 692,961 694,961 741,957 752,964 767,974 769,974 771,974 773,974 775,974 801,961 836,944 878,944 898,955 921,968 922,968 924,968 969,966 971,966 1009,949 1040,936 1080,946 1136,961 1138,961 1140,961 1215,957 1216,957 1259,936 1278,929 1364,931 1368,912 1362,867 1274,873 1265,869 1244,862 1243,862 1241,862 1239,862 1220,871 1216,875 1213,873 1194,860 1192,860 1190,860 1138,856 1136,856 1134,856 1048,878 1029,882 1012,880 964,871 962,871 960,871 958,871 941,882 937,886 870,888 864,886 842,871 840,871 838,871 836,871 834,871 833,871 810,886 771,869 769,869 767,869 722,871 720,871 683,891 647,875 645,875 644,875 552,891 511,882 509,882 507,882 505,882 503,882 503,884 488,897 462,880 460,880 458,880 456,880 454,880 406,891 366,884 365,884 363,884 335,899 320,886 318,886 316,886 314,886 256,895 189,890 187,890 185,890 183,890 149,912 147,914 31,916 35,963"/>
        <Baseline points="36,964 274,949 736,938 1139,921 1369,914"/>
        <TextEquiv>
          <Unicode>haupte daß es nicht der Mühe wehrt iſt ihn zu er,</Unicode>
        </TextEquiv>
      </TextLine>

      
      
      <TextLine id="eSc_line_69f5f3bd" custom="structure {type:default;}">
        <Coords points="39,1057 39,1070 198,1072 199,1072 243,1064 249,1063 253,1063 280,1070 281,1070 283,1070 385,1064 416,1070 417,1070 729,1053 769,1058 770,1058 836,1054 837,1054 839,1054 860,1042 890,1053 891,1053 892,1053 943,1052 1046,1034 1052,1034 1057,1034 1109,1043 1111,1043 1112,1043 1150,1030 1154,1029 1358,1023 1358,1012 1354,986 1159,991 1157,991 1119,984 1118,984 1062,993 1056,994 1054,994 1025,979 1023,979 1022,979 1021,979 1007,984 948,973 947,973 946,973 871,999 862,1003 739,1006 733,1003 702,991 700,991 699,991 698,991 664,1006 654,1011 573,1012 559,1008 492,989 491,989 490,989 488,989 430,1004 399,993 397,993 396,993 354,994 352,994 351,994 341,1002 327,996 326,996 325,996 178,1001 177,1001 125,1016 67,1012 66,1012 64,1012 37,1022 39,1057"/>
        <Baseline points="39,1057 644,1050 1358,1012"/>
        <TextEquiv>
          <Unicode>werben? Wen Sie wieder nach Berlin kommen</Unicode>
        </TextEquiv>
      </TextLine>

      
      
      <TextLine id="eSc_line_a5f64b2e" custom="structure {type:default;}">
        <Coords points="38,1156 123,1156 148,1164 149,1164 150,1164 218,1153 239,1150 253,1153 300,1164 301,1164 303,1164 330,1155 384,1166 385,1166 430,1165 431,1165 456,1154 501,1158 502,1158 503,1158 521,1149 522,1149 556,1163 557,1163 558,1164 594,1164 594,1163 776,1159 778,1159 796,1150 829,1155 830,1155 831,1155 875,1144 877,1144 880,1144 919,1150 920,1150 921,1150 948,1143 973,1135 1098,1134 1121,1140 1128,1143 1129,1143 1131,1143 1183,1140 1325,1130 1340,1138 1351,1143 1353,1143 1354,1143 1355,1143 1385,1150 1382,1132 1374,1074 1315,1080 1179,1080 1068,1080 1067,1080 1066,1080 1051,1084 1002,1100 970,1089 968,1089 967,1089 966,1089 929,1104 814,1104 783,1094 756,1085 755,1085 754,1085 753,1085 729,1095 705,1108 633,1108 608,1100 581,1093 579,1093 578,1093 577,1093 549,1102 524,1110 463,1105 447,1104 446,1104 428,1107 386,1113 352,1113 346,1109 321,1095 320,1095 256,1094 255,1094 178,1103 177,1103 150,1117 149,1117 139,1117 64,1112 63,1112 62,1112 37,1119 38,1143"/>
        <Baseline points="38,1143 589,1145 1086,1120 1377,1119"/>
        <TextEquiv>
          <Unicode>werden Sie ohne Zweifel wieder verehrt werden.</Unicode>
        </TextEquiv>
      </TextLine>

      
      
      <TextLine id="eSc_line_92d219b5" custom="structure {type:default;}">
        <Coords points="39,1241 41,1267 149,1265 163,1262 244,1247 365,1254 410,1256 411,1256 520,1252 559,1246 637,1231 705,1231 745,1237 780,1244 781,1244 783,1244 806,1235 821,1230 865,1232 906,1235 907,1235 950,1229 995,1222 1010,1226 1041,1235 1042,1235 1043,1235 1045,1235 1071,1224 1086,1216 1377,1210 1377,1203 1375,1169 1220,1149 1219,1149 1108,1164 1087,1154 1086,1154 1084,1154 1043,1155 1042,1155 1041,1155 1021,1168 968,1158 967,1158 966,1158 911,1176 882,1186 823,1186 803,1178 780,1168 779,1168 778,1168 776,1168 746,1179 733,1184 702,1180 626,1169 624,1169 623,1169 588,1181 551,1195 517,1184 516,1184 515,1184 513,1184 483,1199 326,1204 248,1188 246,1188 245,1188 244,1188 199,1199 169,1191 168,1191 167,1191 165,1191 137,1199 113,1189 105,1186 104,1186 103,1186 37,1190 39,1241"/>
        <Baseline points="39,1241 472,1235 1081,1205 1377,1203"/>
        <TextEquiv>
          <Unicode>Nach Berlin müſſen Sie aber in der That bald wied</Unicode>
        </TextEquiv>
      </TextLine>

      
      
      <TextLine id="eSc_line_bc1bc95c" custom="structure {type:default;}">
        <Coords points="37,1332 38,1346 142,1345 143,1345 144,1345 147,1343 155,1337 167,1342 170,1343 172,1343 173,1343 185,1341 220,1335 238,1340 250,1343 251,1343 253,1343 254,1343 273,1338 298,1332 357,1336 387,1337 389,1337 390,1337 391,1337 395,1335 410,1326 427,1333 435,1336 436,1336 437,1336 438,1336 448,1332 457,1330 471,1332 515,1340 516,1340 609,1336 611,1336 638,1326 668,1316 682,1320 683,1320 684,1320 722,1311 764,1322 784,1327 785,1327 786,1327 988,1318 990,1318 991,1318 997,1313 1020,1300 1049,1296 1116,1302 1117,1302 1118,1302 1154,1290 1234,1286 1308,1286 1365,1301 1367,1279 1362,1227 1336,1222 1335,1222 1334,1222 1314,1230 1268,1247 1058,1256 1028,1246 1027,1246 986,1242 985,1242 983,1242 970,1249 925,1240 924,1240 840,1256 826,1259 813,1257 736,1251 735,1251 734,1251 703,1260 674,1254 673,1254 516,1259 515,1259 471,1277 455,1285 380,1287 357,1284 336,1280 335,1280 263,1286 231,1272 230,1272 229,1272 189,1274 188,1274 118,1297 115,1297 110,1297 58,1295 57,1295 56,1295 34,1301 37,1332"/>
        <Baseline points="37,1332 461,1320 1178,1281 1367,1279"/>
        <TextEquiv>
          <Unicode>der kommen die Schede ſehnt sich ganz unbe,</Unicode>
        </TextEquiv>
      </TextLine>

      
      
      <TextLine id="eSc_line_21cc0b78" custom="structure {type:default;}">
        <Coords points="38,1412 39,1449 99,1447 101,1447 150,1427 192,1429 193,1429 194,1429 195,1429 210,1419 261,1416 311,1427 313,1427 401,1424 425,1429 451,1434 452,1434 574,1429 576,1429 607,1418 617,1416 623,1418 648,1426 649,1426 650,1426 694,1424 695,1424 697,1424 712,1414 748,1419 749,1419 750,1419 791,1408 816,1402 846,1403 847,1403 849,1403 870,1392 946,1400 952,1400 953,1400 955,1400 958,1398 995,1387 1106,1383 1123,1390 1146,1397 1147,1397 1148,1397 1149,1397 1150,1397 1164,1387 1174,1386 1264,1376 1370,1375 1370,1356 1369,1331 1283,1330 1239,1316 1238,1316 1237,1316 1205,1317 1204,1317 1203,1317 1170,1336 1162,1342 1141,1343 924,1350 906,1345 866,1332 865,1332 826,1332 825,1332 746,1336 745,1336 719,1351 709,1356 672,1352 608,1345 607,1345 606,1345 604,1345 588,1355 587,1356 564,1356 546,1356 544,1356 543,1356 542,1356 502,1368 400,1371 376,1361 359,1353 357,1353 356,1353 310,1363 306,1363 304,1363 254,1355 253,1355 66,1362 64,1362 36,1371 38,1412"/>
        <Baseline points="38,1412 448,1407 823,1391 1121,1367 1370,1356"/>
        <TextEquiv>
          <Unicode>ſchreiblich darnach ſie iſt bei mir und hat mir</Unicode>
        </TextEquiv>
      </TextLine>

      
      
      <TextLine id="eSc_line_d3acca8e" custom="structure {type:default;}">
        <Coords points="38,1513 38,1525 123,1524 125,1524 199,1544 200,1544 202,1544 329,1538 330,1538 370,1515 371,1515 425,1510 436,1513 478,1528 480,1528 481,1528 482,1528 523,1517 609,1517 611,1517 612,1517 633,1507 638,1504 643,1507 650,1510 652,1510 653,1510 682,1505 688,1504 689,1504 719,1519 720,1519 722,1519 803,1517 804,1517 842,1499 856,1493 939,1486 962,1492 963,1492 965,1492 1234,1473 1265,1484 1290,1494 1291,1494 1293,1494 1372,1481 1372,1462 1366,1406 1296,1427 1238,1412 1234,1412 1233,1412 1107,1418 1106,1418 1103,1419 1059,1442 909,1447 885,1438 884,1438 882,1438 881,1438 846,1448 806,1436 795,1432 794,1432 793,1432 791,1432 779,1437 730,1457 644,1458 596,1447 576,1442 574,1442 573,1442 556,1448 512,1467 415,1469 387,1458 376,1453 375,1453 374,1453 372,1453 360,1459 345,1466 331,1461 316,1456 315,1456 314,1456 245,1457 244,1457 215,1467 185,1477 157,1469 148,1468 147,1468 145,1468 134,1471 108,1478 93,1473 76,1467 74,1467 73,1467 36,1476 38,1513"/>
        <Baseline points="38,1513 485,1503 1204,1462 1372,1462"/>
        <TextEquiv>
          <Unicode>viele Grüße an Sie aufgetragen ſie kan ihre</Unicode>
        </TextEquiv>
      </TextLine>

      
      
      <TextLine id="eSc_line_cc23f418" custom="structure {type:default;}">
        <Coords points="36,1623 37,1658 211,1626 246,1636 248,1636 249,1636 250,1636 284,1625 351,1631 352,1631 354,1631 375,1624 400,1634 407,1638 409,1638 410,1638 455,1635 456,1635 475,1629 529,1611 561,1623 562,1623 563,1623 564,1623 630,1610 662,1616 672,1618 673,1618 674,1618 675,1618 678,1615 697,1603 735,1610 736,1610 811,1593 844,1599 845,1599 981,1583 1020,1590 1021,1590 1022,1590 1048,1578 1091,1577 1119,1585 1153,1595 1154,1595 1155,1595 1331,1585 1333,1585 1362,1568 1362,1549 1359,1520 1318,1529 1288,1523 1264,1518 1263,1518 1261,1518 1249,1524 1233,1532 1214,1525 1203,1522 1202,1522 1200,1522 1199,1522 1189,1527 1183,1529 1178,1527 1158,1518 1157,1518 1155,1518 1154,1518 1153,1518 1139,1528 1107,1524 1106,1524 1104,1524 1092,1530 1073,1540 1015,1548 779,1554 732,1563 684,1545 669,1540 668,1540 667,1540 665,1540 664,1540 654,1547 616,1569 542,1552 515,1545 513,1545 512,1545 490,1553 422,1577 360,1562 359,1562 357,1562 321,1573 266,1562 250,1559 249,1559 32,1570 36,1623"/>
        <Baseline points="36,1623 216,1619 473,1601 732,1593 987,1570 1362,1549"/>
        <TextEquiv>
          <Unicode>Zärtlichkeit nicht verbergen und giebt ſich auch</Unicode>
        </TextEquiv>
      </TextLine>

      
      
      <TextLine id="eSc_line_18ef2f07" custom="structure {type:default;}">
        <Coords points="37,1729 37,1744 84,1740 94,1742 103,1746 104,1746 105,1746 137,1741 202,1730 224,1737 243,1744 244,1744 245,1745 316,1745 316,1744 317,1744 319,1744 336,1732 354,1721 414,1719 432,1725 433,1725 435,1725 508,1714 534,1724 551,1730 552,1730 553,1730 554,1730 581,1722 601,1715 659,1714 660,1714 662,1714 674,1705 749,1715 784,1719 785,1719 786,1719 801,1712 837,1695 880,1694 909,1707 916,1711 917,1711 919,1711 973,1709 975,1709 986,1705 1011,1695 1033,1702 1042,1705 1043,1705 1045,1705 1046,1705 1057,1701 1114,1681 1183,1678 1218,1694 1220,1695 1222,1695 1223,1695 1362,1687 1361,1653 1358,1614 1249,1601 1248,1601 1119,1609 1118,1609 1088,1625 1078,1631 960,1636 951,1633 931,1623 930,1623 929,1623 927,1623 914,1628 874,1621 872,1621 871,1621 806,1639 776,1648 684,1651 659,1645 618,1635 617,1635 616,1635 578,1638 577,1638 576,1638 554,1650 538,1660 490,1661 470,1654 452,1648 451,1648 450,1648 448,1648 427,1656 402,1666 369,1659 360,1658 359,1658 357,1658 351,1660 322,1670 299,1663 284,1658 283,1658 281,1658 248,1665 193,1676 147,1669 104,1663 103,1663 33,1674 37,1729"/>
        <Baseline points="37,1729 334,1716 606,1690 1361,1653"/>
        <TextEquiv>
          <Unicode>keine Mühe es zu thun. Bernhardi grüßt Sie herzlich</Unicode>
        </TextEquiv>
      </TextLine>

      
      
      <TextLine id="eSc_line_ddb469b2" custom="structure {type:default;}">
        <Coords points="37,1836 73,1836 114,1866 116,1866 117,1866 119,1866 121,1866 159,1851 224,1862 226,1862 228,1862 271,1847 284,1858 286,1858 288,1858 290,1858 336,1855 338,1855 340,1855 340,1853 361,1832 408,1825 443,1847 445,1847 447,1847 486,1849 488,1849 490,1849 600,1808 602,1808 604,1808 623,1815 625,1815 627,1815 739,1804 790,1832 791,1832 793,1832 937,1826 939,1826 941,1826 958,1815 992,1817 994,1817 995,1817 997,1817 1040,1787 1147,1793 1149,1793 1231,1776 1237,1776 1239,1776 1306,1806 1308,1806 1310,1806 1312,1806 1314,1806 1362,1770 1362,1755 1357,1699 1196,1705 1194,1705 1192,1705 1186,1709 1155,1727 1046,1718 1009,1714 1007,1714 1005,1714 992,1720 960,1739 866,1740 838,1729 821,1724 819,1724 818,1724 816,1724 788,1733 743,1750 642,1750 623,1742 600,1735 599,1735 597,1735 486,1740 484,1740 483,1740 464,1754 449,1761 430,1755 409,1748 408,1748 406,1748 404,1748 385,1757 368,1767 333,1761 308,1757 307,1757 305,1757 303,1757 303,1759 297,1763 290,1772 230,1772 209,1769 164,1757 162,1757 161,1757 159,1757 140,1772 132,1780 35,1780 37,1815 37,1836"/>
        <Baseline points="38,1816 381,1810 1363,1757"/>
        <TextEquiv>
          <Unicode>auch er ſehnt sich Sie wieder zu ſehen und wünſcht</Unicode>
        </TextEquiv>
      </TextLine>

      
      
      <TextLine id="eSc_line_4d6b7784" custom="structure {type:default;}">
        <Coords points="33,1877 35,1905 35,1939 127,1937 129,1937 131,1937 147,1926 164,1935 166,1935 168,1935 224,1924 361,1927 363,1927 473,1907 496,1918 497,1918 499,1918 501,1918 537,1901 557,1911 559,1911 561,1911 629,1898 666,1914 668,1914 670,1914 672,1914 705,1896 808,1894 840,1909 842,1909 844,1909 906,1907 907,1907 909,1907 937,1886 988,1892 990,1892 1052,1879 1267,1873 1362,1888 1366,1858 1362,1812 1334,1798 1332,1798 1331,1798 1329,1798 1299,1812 1258,1798 1256,1798 1254,1798 1128,1812 1050,1806 1048,1806 1046,1806 977,1830 951,1840 806,1841 793,1838 767,1828 765,1828 763,1828 761,1828 760,1828 746,1840 745,1841 739,1840 718,1834 717,1834 715,1834 668,1843 662,1843 645,1830 644,1830 642,1830 640,1830 638,1830 636,1830 619,1845 612,1851 602,1845 584,1836 582,1836 580,1836 499,1838 497,1838 458,1853 443,1858 370,1862 344,1862 338,1856 320,1841 318,1841 316,1841 314,1841 312,1841 310,1841 282,1860 275,1864 263,1860 224,1845 222,1845 220,1845 219,1845 175,1862 157,1845 155,1845 153,1845 151,1845 149,1845 112,1862 67,1845 65,1845 63,1845 61,1845 59,1845 37,1862 33,1877"/>
        <Baseline points="37,1906 376,1906 578,1888 1203,1857 1368,1860"/>
        <TextEquiv>
          <Unicode>daß die Frauenzimmer weniger liebenswürdig</Unicode>
        </TextEquiv>
      </TextLine>

      
      
      <TextLine id="eSc_line_de2dfea6" custom="structure {type:default;}">
        <Coords points="42,1985 42,2005 129,1993 164,2004 184,2010 185,2010 187,2010 317,2009 319,2009 344,1999 349,1997 493,1987 495,1987 527,1974 643,1974 695,1990 729,2000 730,2000 732,2002 801,2002 801,2000 924,1990 925,1990 939,1984 967,1970 1006,1982 1042,1993 1043,1993 1045,1993 1046,1993 1071,1980 1101,1964 1169,1964 1184,1970 1185,1970 1187,1970 1188,1970 1217,1962 1310,1962 1333,1973 1335,1974 1336,1974 1338,1974 1375,1972 1375,1952 1370,1888 1320,1901 1305,1893 1304,1893 1303,1893 1301,1893 1254,1917 1223,1908 1222,1908 1220,1908 1189,1914 1168,1904 1167,1904 1165,1904 1164,1904 1147,1909 1087,1901 1040,1894 1038,1894 880,1897 879,1897 877,1897 860,1908 824,1906 823,1906 821,1906 798,1914 776,1922 761,1916 735,1907 734,1907 640,1902 639,1902 638,1902 598,1924 582,1933 561,1927 559,1927 558,1927 557,1927 521,1937 503,1928 476,1914 475,1914 473,1914 472,1914 442,1931 422,1942 387,1933 356,1927 355,1927 354,1927 324,1937 300,1946 41,1949 42,1985"/>
        <Baseline points="42,1985 385,1980 572,1965 760,1963 960,1952 1375,1952"/>
        <TextEquiv>
          <Unicode>ſein möchten damit Sie ſich deſto eher von Jena</Unicode>
        </TextEquiv>
      </TextLine>

      
      
      <TextLine id="eSc_line_8eee6e09" custom="structure {type:default;}">
        <Coords points="41,2075 41,2090 185,2077 202,2088 211,2096 213,2096 215,2096 217,2096 219,2096 220,2096 220,2094 230,2086 243,2073 284,2073 308,2085 320,2088 322,2088 323,2088 451,2086 453,2086 468,2079 483,2071 554,2073 556,2075 567,2086 569,2086 570,2086 572,2086 711,2083 713,2083 756,2070 791,2058 833,2066 851,2070 853,2070 855,2070 866,2066 896,2055 986,2060 988,2060 1080,2049 1175,2055 1297,2064 1299,2064 1301,2064 1349,2049 1349,2038 1346,1993 1265,1970 1263,1970 1261,1970 1153,1997 1132,2002 947,2006 932,1999 900,1982 898,1982 896,1982 857,1984 855,1984 853,1984 853,1985 836,2000 825,2010 805,2000 773,1985 771,1985 769,1985 767,1985 733,2000 705,2015 649,2015 634,2002 621,1991 619,1991 617,1991 591,1991 589,1991 587,1991 556,2002 511,2021 464,2021 441,2004 436,2000 434,2000 432,2000 342,1999 340,1999 338,1999 322,2006 275,2027 172,2019 170,2019 168,2019 166,2019 153,2030 117,2008 116,2006 114,2006 112,2006 110,2006 37,2008 41,2075"/>
        <Baseline points="42,2076 208,2066 1023,2039 1269,2039 1350,2039"/>
        <TextEquiv>
          <Unicode>trennen könten. Wenigſtens der einen bitte</Unicode>
        </TextEquiv>
      </TextLine>

      
      
      <TextLine id="eSc_line_c9cf04ca" custom="structure {type:default;}">
        <Coords points="61,2185 167,2170 189,2180 198,2184 199,2184 200,2184 238,2179 253,2176 258,2177 271,2181 273,2181 274,2181 275,2181 276,2181 284,2176 303,2165 327,2175 346,2181 347,2181 349,2181 435,2180 436,2180 467,2169 488,2160 542,2157 559,2165 583,2175 584,2175 586,2176 654,2176 654,2175 708,2169 709,2169 729,2157 750,2145 811,2145 854,2145 867,2152 904,2170 905,2170 906,2171 936,2171 936,2170 937,2170 1023,2146 1048,2154 1049,2154 1051,2154 1109,2141 1127,2138 1259,2135 1259,2120 1255,2089 1227,2089 1225,2089 1188,2068 1187,2068 1185,2068 1091,2070 1089,2070 1057,2086 977,2073 976,2073 975,2073 929,2091 917,2096 871,2096 857,2091 813,2075 811,2075 810,2075 715,2078 714,2078 685,2093 672,2101 428,2105 395,2095 359,2085 357,2085 356,2085 355,2085 324,2096 315,2099 305,2096 279,2089 278,2089 276,2089 229,2090 228,2090 215,2098 195,2108 163,2098 135,2089 134,2089 133,2089 132,2089 114,2098 103,2104 61,2099 61,2135 61,2185"/>
        <Baseline points="61,2135 154,2141 360,2140 735,2128 968,2129 1259,2120"/>
        <TextEquiv>
          <Unicode>ich mich ſehr zu empfehlen. Ihre Freundin</Unicode>
        </TextEquiv>
      </TextLine>

      
      
      <TextLine id="eSc_line_cd089c57" custom="structure {type:default;}">
        <Coords points="1243,2120 1224,2120 1209,2120 1201,2122 1200,2122 1196,2120 1186,2122 1168,2122 1151,2122 1149,2122 1151,2165 1151,2187 1376,2172 1376,2159 1372,2113 1312,2105 1310,2105 1308,2105 1306,2105 1289,2116 1269,2109 1267,2109 1265,2109 1243,2113 1243,2120"/>
        <Baseline points="1152,2167 1377,2161"/>
        <TextEquiv>
          <Unicode>Sophie Bh</Unicode>
        </TextEquiv>
      </TextLine>

      
    </TextRegion>
    

    
  </Page>
</PcGts>