1440 2303
71 92 1401 193 aller ſüſſeſten Worte alle die trüben Augen,
67 191 1405 295 blike vergeſſen machen die Dir mein Brief
72 284 1370 383 verurſacht hat. Ich bin niemals neidiſch gewe,
76 358 1409 491 ſen und jezt bin ich auf alle Deine Worte nei,
61 452 1407 585 diſch. Kom mein geliebter mein theuerſter Freund
65 550 1393 694 Jugend Freude und Leben beſeelt mich bei dem Ge,
51 681 1368 800 danken Dich bald zu ſehen Ich höre Bernhardi leb
902 771 1048 865 wohl.
