1429 2244
862 48 1357 114 Berlin den 28 ten
1010 103 1356 183 August 1801.
104 188 1361 287 Ich will Ihnen lieber Freund indem ich Ihnen
39 287 1288 400 dieſen angekommenen Brief ſende zugleich
33 387 1367 496 melden daß Nicolai ſeine Wuht nicht hat beherſchen
38 484 1366 582 können ſondern ſchon einige Bogen geſchrieben hat
36 584 1336 664 welche ungemein eng gedruckt ſind damit er
39 655 1360 756 doch ein weitläuftiges Geſchwätz führen kan
38 741 1361 848 ohne daß es gleich ſo auffallend wäre. Er bittet
36 824 1351 942 überhaupt immer ſeiner Weitläuftigkeit we,
24 921 1366 1034 gen um Verzeihung die nur der Deutlichkeit wegen
29 1004 1364 1151 ganz nothwendig ſei. Es wird dies koſtbare Werk
31 1112 1351 1255 noch nicht ausgegeben wir hatten es nur von der
26 1215 1369 1357 Sander auf einen Tag geliehen und haben es mit
24 1313 1361 1466 groſſer Freude und Gelächter geleſen auch Ihrer
34 1426 1357 1568 wird darin nicht geſchont ſondern die unbegreif,
28 1520 1365 1660 liche Unverſchämtheit bewundert mit der ein Mensch
22 1630 1345 1761 nicht nur die Stirn hat ſich zu der Ehrenpforte zu
19 1747 1355 1861 nennen ſondern esſogar für ein Kunſtproduckt aus,
27 1848 1359 1973 zugeben. Nicolai ſpricht von Schlangen und Müken
19 1948 1357 2058 und nent dan Sie und Tieck ſo daß Sie als eine
33 2045 1356 2152 Schlange anzuſehen sind. Wen Sie sich nun über
