1429 2244
47 91 1364 165 ſeinen Talenten nicht genug und ſei viel zu
39 165 1344 258 beſcheiden. Wie ich ganz beſcheiden äuſſerte der Ju,
43 231 1378 357 de könne wohl zu unwiſſend ſein und dieß erſchei,
34 331 1316 441 ne mir als ſein gröſter Fehler wurde er ganz
39 421 1359 536 beſtürzt und zweifelte faſt an meiner Gröſſe.
39 506 1350 656 Dieſer demühtige Bewunderer war übrigens von
34 597 1367 757 ſo ſchlechten Sitten daß er mit einer ſolchen un
36 695 1360 861 beſcheidenen Dreiſtigkeit meine Hände immer,
31 789 1361 963 fort küſte als ob er mein erklärter Günſtling
26 901 1345 1049 wäre daß es mir ſo gar wenig half wie ich
22 993 1364 1140 in der Angſt um der Ungezogenheit zu entgehen
28 1107 1347 1249 mein Strickzeug ergrif ich war daher recht froh
32 1216 1339 1348 wie er an zu leſen fieng und doch ſeinen
26 1284 1340 1468 Mund anders brauchen muſte aber kaum hatte
24 1403 1351 1568 er daß lezte Wort ausgeſprochen ſo fieng er
36 1514 1241 1663 es da wieder an wo er es gelaſſen hatte.
88 1634 1359 1746 Madam Meier iſt Ihnen auch ungetreu gewor,
31 1707 1369 1847 den. (Sie ſehen ich wechſele ab mit guten und schlech,
33 1796 1362 1926 ten Nachrichten) Sie findet daß Sie dem Kotzebue
37 1906 1347 2028 doch Unrecht gethan haben daß die Ehrenpforte
41 2013 1344 2135 nicht witzig ſondern eine platte Verfolgung
