4096 6144
1563 587 1966 733 Knabe.
897 737 3085 945 Hiebey darfſt du nicht ſtehen bleiben,
686 849 3333 1105 Du mußt ihn recht genau beſchreiben.
1553 1061 2129 1218 Herold
877 1187 3164 1385 Das Würdige beſchreibt ſich nicht.
860 1348 2921 1518 Doch das geſunde Mondgeſicht,
846 1471 3273 1641 Ein voller Mund, erblühte Wangen,
829 1611 3481 1788 Die unterm Schmuck des Turbans prangen.
877 1730 3092 1925 Im vollen Kleid ein voll Behagen!
2247 1710 2472 1802 reich
901 1822 3476 2063 Was ſoll ich von dem Anſtand ſagen?
870 1960 3548 2201 Als Herrſcher ſcheint er mir bekannt.
877 2146 1430 2327 Plutus
1689 2123 2157 2232 Knabe
860 2327 1641 2536 Plutus pp
1771 2457 1940 2657 ♀
1556 2679 1931 2805 Knabe
890 2728 3609 3005 Hier ſeht mich nur ein Schnippchen ſchlagen,
614 2884 3529 3130 Schon Da glänzt es, glitzerts um den Wagen.
890 3048 3478 3225 Da ſpringt eine Perlenſchnur hervor,
1080 3169 1387 3287 Nehmt
877 3177 3375 3358 Dagoldne Spange fur Hals und Ohr;
877 3331 3379 3522 Auch Kamm und Krönchen ohne Fehl,
836 3471 2819 3686 In Ringen köſtlichſtes Juvel.
1720 3631 2136 3775 Herold
865 3742 3440 4024 Wie greift und haſcht die liebe Menge!
856 3915 3392 4157 Faſt kommt der Geber in’s Gedränge.
856 4068 3334 4290 Kleinode ſchnippt er wie im Traum,
849 4198 3302 4428 Und alles haſcht im weiten Raum.
866 4358 3027 4553 Doch da erleb ich neue Pfiffe;
805 4502 3095 4676 Was einer noch ſo emſig griffe –
885 4602 3456 4823 Deß hat er wircklich ſchlechten Lohn,
894 4727 2966 4935 Die Gabe flattert ihm davon.
914 4870 2870 5061 Es löst ſich auf das Perlenband,
873 5007 2973 5188 Ihm krabeln Käfer in der Hand,
914 5147 3293 5317 Er wirft ſie weg, der arme Tropf,
916 5253 3220 5468 Und ſie umſummen ihm den Kopf.
