4096 6144
1512 590 2136 781 Hoffnung
1105 720 3532 945 Seyd gegrüst ihr lieben Schweſtern,
1082 853 3597 1112 Habt ihr euch ſchon heut und geſtern
1068 1034 3208 1225 In Vermumungen gefallen,
1078 1133 3293 1351 Weis ich doch gewiß von allen
1064 1249 3464 1484 Morgen wollt ihr euch enthüllen.
1095 1368 3522 1597 Und wenn wir bey Fackelſcheine
1085 1512 2710 1689 Uns nicht ſonderlich behagen
1088 1611 3058 1815 Werden wir in heitern Tagen,
1109 1740 3310 1931 Ganz nach unſerm eignen Willen
1090 1843 2897 2048 Bald geſellig, bald alleine
1090 1940 3409 2186 Frey durch ſchöne Fluren wandeln,
1085 2065 3208 2276 Nach Belieben ruhn und handlen
1068 2201 3140 2409 Und, in ſorgenfreyem Leben,
1061 2307 3389 2539 Nie entbehren, ſtets erſtreben,
1064 2423 2955 2628 Uberall willkommne Gäſte
1071 2566 2833 2740 Treten wir getroſt hinein.
1054 2645 2932 2856 Sicherlich es muß das Beſte
1058 2788 2904 3024 Irgendwo zu finden ſeyn.
1693 3007 3283 3276 Euphorion Knabe Lencker.
1082 3208 3382 3447 Und dieſer, der als Prachtgebilde
1078 3334 3642 3601 Hier auf dem Wagenthrone prangt?
1643 3496 2181 3732 Herold
1112 3611 3532 3880 Er ſcheint ein König reich und milde,
1105 3768 3652 4007 Wohl dem der ſeine Gunſt erlangt!
1163 3911 3665 4147 Er hat nichts weiter zu erſtreben,
1078 4037 3669 4304 Wo’s irgend fehlte ſpäht ſein Blick,
1095 4201 3464 4447 Und ſeine reine Luſt zu geben
1092 4324 3536 4645 Iſt größer als Beſitz und Glück.
