<?xml version="1.0" encoding="UTF-8"  standalone="yes"?>
<PcGts xmlns="http://schema.primaresearch.org/PAGE/gts/pagecontent/2019-07-15" xmlns:xsi="http://www.w3.org/2001/XMLSchema-instance" xsi:schemaLocation="http://schema.primaresearch.org/PAGE/gts/pagecontent/2019-07-15 http://schema.primaresearch.org/PAGE/gts/pagecontent/2019-07-15/pagecontent.xsd">
  <Metadata>
	<Creator>escriptorium</Creator>
	<Created>2023-07-10T11:19:59.344681+00:00</Created>
        <LastChange>2023-07-10T11:19:59.344695+00:00</LastChange>

  </Metadata>
  <Page imageFilename="389889_0009_0.jpg" imageWidth="4096" imageHeight="6144">

    
    <TextRegion id="eSc_textblock_d2faf02b"  custom="structure {type:text;}">
      <Coords points="1908,600 2167,641 2208,774 2307,819 3573,819 3696,846 3737,928 3751,1908 3710,2290 3655,2334 3710,2631 3614,2809 3382,2921 3491,3099 3450,3577 3491,3819 3682,3891 3696,4010 3341,4164 3273,4573 3331,4655 3532,4737 3532,4870 1921,4925 996,4870 996,4396 928,4174 969,3983 955,2894 764,2740 887,2358 901,1693 846,1187 969,873 1443,846 1583,761 1638,628 1908,600"/>
      
      
      <TextLine id="eSc_line_98410e69" custom="structure {type:default;}">
        <Coords points="1628,660 1633,732 1633,839 1848,844 1853,844 1858,844 1930,808 1966,788 2012,798 2053,808 2058,808 2063,808 2068,808 2170,778 2170,721 2104,601 1689,624 1684,624 1679,624 1669,624"/>
        <Baseline points="1638,737 2175,723"/>
        <TextEquiv>
          <Unicode>Megäre.</Unicode>
        </TextEquiv>
      </TextLine>

      
      
      <TextLine id="eSc_line_3dac51c1" custom="structure {type:default;}">
        <Coords points="3655,839 3609,829 3563,819 3512,819 3507,819 3456,839 3363,819 3358,819 3307,819 3281,819 3220,844 3097,819 3051,819 3000,819 2949,819 2944,819 2882,844 2713,819 2693,819 2641,819 2631,819 2580,870 2442,870 2160,824 2155,824 2150,824 2001,860 1720,855 1715,855 1710,855 1704,855 1674,885 1612,844 1607,844 1602,844 1597,844 1592,844 1587,844 1505,896 1372,855 1367,855 1320,849 1310,855 1259,855 1208,860 1157,860 1105,865 1080,865 957,906 952,916 957,1008 957,1044 1310,1064 1315,1064 1320,1064 1326,1064 1361,1039 1392,1024 1587,1034 1730,1044 1735,1044 1899,1029 2257,998 2467,1018 2554,1029 2560,1029 2565,1029 2595,1018 2677,988 2764,1013 2795,1024 2800,1024 2805,1024 2810,1024 2846,1013 2954,983 3368,1003 3374,1003 3379,1003 3456,967 3671,998 3712,1008 3696,870 3655,839"/>
        <Baseline points="962,1010 2990,945 3586,951 3712,1012"/>
        <TextEquiv>
          <Unicode>Das iſt nur Spas! denn, ſind ſie erſt verbunden,</Unicode>
        </TextEquiv>
      </TextLine>

      
      
      <TextLine id="eSc_line_e7f38385" custom="structure {type:default;}">
        <Coords points="2897,1017 2897,1058 3174,1054 3174,1017 3170,969 2897,969 2897,1017"/>
        <Baseline points="2897,1017 3174,1017"/>
        <TextEquiv>
          <Unicode>allen</Unicode>
        </TextEquiv>
      </TextLine>

      
      
      <TextLine id="eSc_line_b2f96f85" custom="structure {type:default;}">
        <Coords points="3123,1018 3072,1018 3020,1018 2969,1018 2918,1018 2908,1008 2580,977 2575,977 2570,977 2565,977 2508,1029 2437,988 2432,988 2426,988 2216,1018 2176,988 2170,988 2165,988 2001,988 1996,988 1484,1049 1408,1029 1402,1029 1397,1029 1203,1054 1152,1013 1152,1008 1146,1008 1141,1008 1075,1008 1059,1008 1054,1008 1049,1008 1044,1008 972,1049 977,1136 983,1223 1080,1198 1280,1213 1285,1213 1290,1213 1295,1213 1295,1208 1341,1172 1428,1187 1433,1187 1438,1187 1510,1152 1684,1152 1720,1182 1725,1182 1730,1182 1735,1182 1740,1182 1817,1162 1863,1203 1868,1203 1873,1203 1879,1203 1884,1203 1889,1203 1950,1157 1986,1177 1991,1177 1996,1177 2001,1177 2007,1177 2048,1141 2273,1136 2416,1136 2488,1172 2493,1172 2498,1172 2503,1172 2508,1172 2554,1136 2810,1136 2862,1177 2862,1182 2867,1182 2872,1182 2877,1187 2908,1187 3031,1187 3031,1182 3036,1182 3041,1182 3169,1126 3333,1157 3338,1157 3343,1157 3456,1121 3671,1167 3691,1167 3686,1003 3527,962 3522,962 3517,962 3128,1003 3123,1018"/>
        <Baseline points="979,1140 2652,1092 3355,1088 3538,1097 3692,1168"/>
        <TextEquiv>
          <Unicode>Ich nehm es auf, und weis in manchen Fällen,</Unicode>
        </TextEquiv>
      </TextLine>

      
      
      <TextLine id="eSc_line_095fa397" custom="structure {type:default;}">
        <Coords points="976,1286 976,1314 1044,1334 1047,1334 1051,1334 1054,1334 1129,1314 1252,1334 1256,1334 1542,1331 1546,1331 1549,1331 1594,1297 1607,1290 1624,1297 1655,1310 1658,1310 1662,1310 1665,1310 1669,1310 1689,1297 1699,1286 1710,1297 1744,1320 1747,1320 1751,1320 1754,1320 1989,1286 2027,1283 2034,1286 2085,1317 2088,1317 2092,1317 2095,1317 2420,1310 2423,1310 2512,1273 2525,1269 2628,1269 2935,1276 2938,1276 3024,1259 3051,1256 3075,1259 3184,1273 3188,1273 3191,1273 3239,1259 3293,1286 3297,1286 3300,1286 3304,1286 3358,1262 3396,1276 3399,1276 3403,1276 3406,1276 3409,1276 3440,1252 3611,1242 3611,1232 3601,1160 3211,1167 3123,1129 3119,1129 3116,1129 3112,1129 3109,1129 3068,1157 2932,1146 2928,1146 2925,1146 2826,1177 2819,1177 2816,1177 2696,1143 2693,1143 2689,1143 2522,1163 2276,1146 2273,1146 1996,1198 1983,1198 1979,1198 1914,1170 1911,1170 1908,1170 1904,1170 1822,1191 1699,1160 1696,1160 1693,1160 1689,1160 1587,1204 1406,1167 1402,1167 1399,1167 1320,1211 1218,1215 1184,1215 1181,1215 1122,1174 1119,1174 1116,1174 1112,1174 1109,1174 972,1218 976,1286"/>
        <Baseline points="976,1286 2587,1235 3611,1232"/>
        <TextEquiv>
          <Unicode>Das ſchönſte Glück durch Grille zu vergällen;</Unicode>
        </TextEquiv>
      </TextLine>

      
      
      <TextLine id="eSc_line_443cf63f" custom="structure {type:default;}">
        <Coords points="931,1438 936,1510 1018,1474 1146,1489 1152,1489 1157,1489 1259,1464 1356,1464 1397,1500 1402,1500 1402,1505 1408,1505 1413,1505 1418,1510 1582,1510 1582,1505 1587,1505 1592,1505 1602,1495 1633,1469 1664,1495 1669,1495 1669,1500 1674,1500 1679,1500 1684,1500 1689,1500 1720,1489 1797,1464 1858,1489 1879,1495 1884,1495 1889,1495 1950,1484 2068,1464 2222,1479 2257,1479 2263,1479 2268,1479 2273,1479 2273,1474 2298,1454 2467,1474 2508,1474 2513,1474 2519,1474 2524,1474 2524,1469 2565,1438 2693,1464 2718,1469 2723,1469 2728,1469 2739,1464 2790,1438 2923,1459 2928,1459 2933,1459 2938,1459 2944,1459 3005,1408 3379,1397 3701,1438 3706,1428 3696,1264 3046,1239 3041,1239 3036,1239 2892,1290 2851,1254 2846,1254 2841,1254 2723,1249 2718,1249 2713,1249 2708,1249 2708,1254 2662,1300 2406,1310 2283,1310 2232,1285 2227,1285 2222,1285 2068,1320 2048,1320 2027,1320 1735,1280 1730,1280 1576,1295 1571,1295 1566,1295 1566,1300 1525,1336 1520,1336 1254,1295 1249,1295 1244,1295 1239,1295 1239,1300 1187,1346 1059,1305 1054,1305 1049,1305 1044,1305 926,1346 931,1438"/>
        <Baseline points="935,1440 2655,1365 3403,1358 3711,1429"/>
        <TextEquiv>
          <Unicode>Der Menſch iſt ungleich, ungleich ſind die Stunden.</Unicode>
        </TextEquiv>
      </TextLine>

      
      
      <TextLine id="eSc_line_229f8f89" custom="structure {type:default;}">
        <Coords points="1786,1617 1735,1617 1684,1617 1633,1623 1582,1623 1530,1623 1479,1628 1428,1628 1377,1628 1326,1633 1274,1633 1223,1633 1218,1617 1116,1623 1059,1571 1059,1566 1054,1566 1049,1566 916,1566 921,1715 921,1756 1735,1766 1740,1766 1745,1766 1792,1745 1832,1725 1981,1740 1986,1740 1991,1740 1996,1740 1996,1735 2042,1699 2191,1730 2196,1730 2391,1689 2626,1715 2631,1715 2636,1715 2785,1679 2908,1689 2954,1730 2959,1735 2964,1735 2969,1735 2974,1735 2979,1735 2984,1735 2995,1725 3072,1674 3159,1710 3164,1710 3169,1710 3174,1710 3179,1710 3251,1664 3389,1664 3691,1715 3732,1735 3722,1546 3619,1556 3584,1546 3512,1520 3507,1520 3502,1520 3496,1520 3430,1546 3389,1561 3343,1546 3230,1510 3225,1510 3220,1510 2964,1515 2739,1546 2693,1525 2688,1525 2682,1525 2677,1525 2626,1551 2585,1576 2549,1551 2524,1530 2519,1530 2513,1530 2508,1530 2329,1556 2191,1571 2165,1556 2145,1541 2140,1541 2135,1541 1950,1541 1945,1541 1940,1541 1935,1541 1914,1556 1832,1607 1786,1607 1786,1617"/>
        <Baseline points="925,1720 1532,1706 2474,1652 3591,1629 3736,1737"/>
        <TextEquiv>
          <Unicode>Und mancher hat Erwünſchtes feſt in Armen,</Unicode>
        </TextEquiv>
      </TextLine>

      
      
      <TextLine id="eSc_line_aadfc04c" custom="structure {type:default;}">
        <Coords points="1300,1669 1786,1643 1792,1612 1823,1530 1295,1551 1300,1623"/>
        <Baseline points="1303,1627 1795,1614"/>
        <TextEquiv>
          <Unicode>niemand</Unicode>
        </TextEquiv>
      </TextLine>

      
      
      <TextLine id="eSc_line_cb48fa86" custom="structure {type:default;}">
        <Coords points="3665,1694 3640,1674 3502,1648 3496,1648 3491,1648 3486,1648 3420,1694 3399,1694 3112,1658 3107,1658 3102,1658 3005,1704 2995,1704 2954,1704 2560,1674 2554,1674 2549,1674 2442,1715 2421,1720 2391,1715 2211,1684 2206,1684 2032,1689 2027,1689 1950,1725 1925,1740 1838,1740 1827,1730 1797,1704 1797,1699 1792,1699 1786,1699 1781,1699 1776,1699 1771,1699 1720,1730 1704,1740 1674,1730 1607,1710 1602,1710 1597,1710 1592,1710 1587,1710 1556,1735 1541,1745 1489,1735 1382,1715 1377,1715 1372,1715 1367,1715 1331,1740 1315,1751 1295,1740 1249,1720 1244,1720 1239,1720 1233,1720 1172,1740 1136,1756 1105,1745 1039,1720 1034,1720 1029,1720 911,1745 916,1848 916,1879 1249,1904 1254,1904 1259,1904 1326,1873 1372,1853 1423,1873 1484,1894 1489,1894 1495,1894 1500,1894 1571,1868 1658,1843 1797,1868 1848,1873 1853,1873 1858,1873 1863,1873 1873,1863 1909,1832 2201,1827 2421,1858 2524,1868 2529,1868 2534,1868 2539,1868 2539,1863 2554,1853 2585,1827 2616,1853 2621,1858 2626,1858 2631,1858 2636,1858 2641,1858 2662,1853 2775,1812 2882,1832 2887,1832 2892,1832 2954,1807 3046,1848 3066,1853 3072,1853 3077,1853 3138,1843 3271,1822 3353,1843 3363,1843 3368,1843 3374,1843 3379,1843 3384,1838 3445,1807 3701,1832 3727,1832 3706,1720 3665,1694"/>
        <Baseline points="918,1850 2686,1785 3572,1785 3729,1838"/>
        <TextEquiv>
          <Unicode>Der ſich nicht nach Erwünſchteren thörig ſehnte,</Unicode>
        </TextEquiv>
      </TextLine>

      
      
      <TextLine id="eSc_line_cb4bc573" custom="structure {type:default;}">
        <Coords points="3671,1817 3630,1802 3584,1792 3532,1786 3481,1786 3430,1786 3389,1786 3363,1812 3353,1812 3179,1786 3174,1786 3123,1786 3082,1786 3036,1817 2938,1786 2913,1786 2892,1786 2805,1827 2647,1812 2641,1812 2636,1812 2631,1812 2600,1838 2595,1838 2457,1812 2452,1812 2447,1812 2442,1812 2421,1832 2385,1802 2380,1802 2375,1802 2370,1802 2365,1802 2216,1848 2129,1812 2124,1812 2119,1812 1879,1817 1873,1817 1868,1817 1827,1848 1720,1832 1715,1832 1710,1832 1704,1832 1679,1858 1561,1827 1556,1827 1551,1827 1546,1827 1541,1827 1541,1832 1500,1873 1392,1832 1387,1832 1382,1832 1377,1832 1259,1884 1131,1884 1070,1848 1064,1848 1059,1848 1054,1848 1049,1848 921,1894 926,1971 926,2007 1080,2001 1100,2007 1208,2042 1213,2042 1218,2042 1223,2042 1228,2042 1228,2037 1264,2001 1269,1996 1372,1986 1397,2001 1433,2027 1438,2027 1443,2027 1448,2027 1454,2027 1515,2001 1684,2027 1689,2027 1694,2027 1786,1991 1853,1966 2048,1960 2094,1986 2099,1991 2104,1991 2109,1991 2114,1991 2119,1991 2124,1991 2129,1986 2181,1950 2421,1950 2467,1976 2472,1976 2478,1976 2483,1976 2488,1976 2493,1976 2529,1945 2600,1945 2652,1976 2672,1991 2677,1991 2682,1991 2688,1991 2790,1976 3072,1925 3143,1960 3148,1960 3153,1960 3159,1960 3246,1925 3281,1966 3287,1966 3287,1971 3292,1971 3297,1971 3302,1971 3338,1966 3496,1930 3532,1960 3537,1960 3543,1960 3548,1960 3696,1955 3712,1960 3706,1827 3671,1817"/>
        <Baseline points="931,1972 2580,1908 3314,1894 3611,1891 3714,1966"/>
        <TextEquiv>
          <Unicode>Vom höchſten Glück, woran er ſich gewöhnte;</Unicode>
        </TextEquiv>
      </TextLine>

      
      
      <TextLine id="eSc_line_74fe41af" custom="structure {type:default;}">
        <Coords points="906,2104 906,2181 1192,2119 1233,2150 1233,2155 1239,2155 1244,2155 1249,2155 1254,2155 1351,2119 1413,2170 1418,2170 1423,2170 1428,2170 1438,2170 1602,2129 1658,2155 1664,2155 1669,2155 1674,2155 1679,2155 1720,2124 1899,2155 1909,2155 1914,2155 1920,2155 1925,2155 1991,2094 2544,2073 2677,2129 2682,2129 2688,2129 2728,2129 2908,2109 2913,2109 2918,2109 2918,2104 2964,2063 3046,2114 3051,2114 3056,2114 3061,2114 3456,2048 3543,2099 3548,2099 3553,2099 3558,2099 3701,2094 3717,2094 3706,1930 3450,1914 3445,1914 3317,1940 3307,1940 3302,1940 3215,1899 3210,1899 3205,1899 3200,1899 3194,1899 3133,1940 3123,1950 3092,1945 2990,1914 2984,1914 2979,1914 2974,1914 2969,1914 2928,1945 2918,1955 2903,1945 2841,1914 2836,1914 2831,1914 2826,1914 2723,1950 2672,1966 2626,1950 2544,1920 2539,1920 2534,1920 2529,1920 2437,1955 2375,1981 2145,1981 2124,1960 2104,1940 2104,1935 2099,1935 2094,1935 2088,1935 2083,1935 2001,1960 1996,1960 1981,1960 1827,1945 1822,1945 1817,1945 1812,1945 1786,1966 1730,1996 1679,1966 1648,1950 1643,1950 1638,1950 1633,1950 1587,1966 1489,2007 1423,1971 1402,1960 1397,1960 1392,1960 1244,1966 1239,1966 1233,1966 1233,1971 1228,1971 1187,2017 1111,1976 1100,1971 1095,1971 1090,1971 896,1976 906,2104"/>
        <Baseline points="907,2109 2566,2030 3409,2024 3580,2030 3718,2097"/>
        <TextEquiv>
          <Unicode>Die Sonne flieht er will den Froſt erwarmen.</Unicode>
        </TextEquiv>
      </TextLine>

      
      
      <TextLine id="eSc_line_a8d8b585" custom="structure {type:default;}">
        <Coords points="918,2355 918,2375 979,2399 983,2399 986,2399 1191,2368 1266,2358 1317,2365 1460,2389 1464,2389 1467,2389 1553,2358 1576,2351 1607,2358 1648,2365 1652,2365 1655,2365 1658,2365 1669,2355 1689,2341 2321,2327 2355,2338 2437,2365 2440,2365 2443,2365 2577,2362 2580,2362 2583,2362 2624,2331 2696,2358 2699,2358 2703,2358 2781,2351 2785,2351 2788,2351 2819,2324 2833,2314 2846,2324 2887,2351 2891,2351 2894,2351 2897,2351 3211,2344 3215,2344 3293,2310 3297,2310 3300,2310 3328,2324 3331,2324 3334,2324 3546,2304 3546,2290 3536,2218 3392,2218 3348,2191 3345,2191 3341,2191 3338,2191 3334,2191 3331,2191 3290,2222 3174,2198 3170,2198 3167,2198 3112,2225 3072,2205 3068,2205 3065,2205 3061,2205 3000,2232 2747,2235 2686,2235 2631,2194 2628,2194 2624,2194 2621,2194 2443,2198 2187,2252 2140,2228 2136,2228 2133,2228 2027,2252 1945,2222 1942,2222 1938,2222 1935,2222 1843,2252 1733,2218 1730,2218 1727,2218 1549,2222 1546,2222 1447,2256 1327,2228 1324,2228 1320,2228 1228,2273 969,2266 965,2266 962,2266 914,2283 918,2355"/>
        <Baseline points="918,2355 2399,2297 3546,2290"/>
        <TextEquiv>
          <Unicode>Mit dieſem allen weis ich zu gebahren,</Unicode>
        </TextEquiv>
      </TextLine>

      
      
      <TextLine id="eSc_line_09757799" custom="structure {type:default;}">
        <Coords points="904,2495 904,2522 1006,2542 1010,2542 1338,2536 1341,2536 1382,2515 1406,2505 1628,2488 1757,2508 1761,2508 1764,2508 1839,2488 1911,2508 1931,2515 1935,2515 1938,2515 1979,2508 2112,2478 2355,2471 2440,2471 2515,2501 2529,2505 2532,2505 2536,2505 2539,2505 2553,2498 2645,2461 2788,2461 2983,2488 2986,2488 3198,2467 3498,2484 3502,2443 3495,2368 3089,2372 3075,2368 3007,2341 3003,2341 3000,2341 2897,2362 2812,2327 2809,2327 2805,2327 2802,2327 2723,2368 2699,2382 2590,2385 2491,2368 2358,2344 1969,2344 1966,2344 1962,2344 1959,2344 1925,2368 1873,2406 1836,2406 1781,2368 1754,2351 1751,2351 1747,2351 1744,2351 1634,2368 1498,2392 1413,2368 1368,2358 1365,2358 1361,2358 1358,2358 1320,2368 1242,2392 1122,2368 1092,2365 1088,2365 897,2368 904,2495"/>
        <Baseline points="904,2495 2600,2443 3502,2443"/>
        <TextEquiv>
          <Unicode>Und führe her Asmodi den Getreuen,</Unicode>
        </TextEquiv>
      </TextLine>

      
      
      <TextLine id="eSc_line_4978d2b9" custom="structure {type:default;}">
        <Coords points="907,2600 911,2679 1017,2641 1105,2676 1109,2676 1112,2676 1116,2676 1146,2672 1430,2638 1484,2662 1495,2669 1498,2669 1501,2672 1597,2672 1597,2669 1600,2669 1634,2658 1771,2618 2048,2618 2129,2645 2160,2655 2164,2655 2382,2658 2385,2658 2389,2658 2440,2638 2512,2600 2918,2597 2966,2621 3017,2648 3020,2648 3024,2648 3027,2648 3092,2618 3109,2611 3123,2618 3191,2645 3194,2645 3198,2645 3201,2645 3263,2614 3304,2590 3512,2590 3556,2604 3601,2621 3604,2621 3607,2621 3611,2621 3665,2600 3665,2573 3662,2508 3454,2508 3389,2457 3386,2457 3382,2457 3379,2457 2973,2464 2969,2464 2850,2519 2850,2522 2761,2522 2679,2522 2618,2488 2614,2488 2389,2471 2385,2471 2382,2471 2283,2505 2075,2478 2071,2478 2068,2478 1972,2505 1897,2484 1894,2484 1890,2484 1887,2484 1805,2512 1730,2491 1727,2491 1723,2491 1532,2536 1385,2515 1382,2515 1378,2515 1327,2542 1044,2542 996,2515 993,2515 989,2515 986,2515 983,2515 904,2546 907,2600"/>
        <Baseline points="907,2600 2942,2566 3665,2573"/>
        <TextEquiv>
          <Unicode>Zu rechter Zeit Unſeliges auszuſtreuen,</Unicode>
        </TextEquiv>
      </TextLine>

      
      
      <TextLine id="eSc_line_2db40a0b" custom="structure {type:default;}">
        <Coords points="916,2754 916,2836 1172,2790 1259,2831 1264,2831 1269,2831 1274,2831 1413,2795 1489,2826 1495,2826 1500,2826 1505,2826 1510,2826 1515,2826 1587,2764 2058,2759 2324,2795 2391,2805 2396,2805 2472,2790 2723,2744 2979,2744 3010,2775 3025,2785 3025,2790 3031,2790 3036,2790 3041,2790 3281,2785 3287,2785 3292,2785 3292,2780 3312,2764 3338,2739 3440,2759 3543,2780 3548,2780 3553,2780 3614,2754 3614,2708 3604,2616 3389,2616 3297,2575 3292,2575 3287,2575 3077,2626 3066,2626 3036,2626 2887,2621 2856,2590 2856,2585 2851,2585 2846,2585 2841,2585 2836,2585 2713,2621 2478,2590 2472,2590 2467,2590 2462,2590 2396,2641 2391,2647 2319,2647 2252,2647 2012,2600 2007,2600 2001,2600 1996,2600 1909,2652 1658,2611 1653,2611 1648,2611 1541,2657 1474,2621 1469,2621 1464,2621 1459,2621 1346,2667 1341,2667 1331,2667 993,2626 988,2626 983,2626 977,2626 911,2662 916,2754"/>
        <Baseline points="920,2755 1109,2757 2843,2706 3618,2713"/>
        <TextEquiv>
          <Unicode>Verderbe ſo das Menſchenvolck in Paaren.</Unicode>
        </TextEquiv>
      </TextLine>

      
      
      <TextLine id="eSc_line_91f97fa6" custom="structure {type:default;}">
        <Coords points="1689,2983 1846,2962 1942,2979 1952,2979 1955,2979 1959,2979 1962,2979 2013,2959 2317,2969 2321,2935 2314,2850 2184,2829 2181,2829 2177,2829 2174,2829 2153,2846 2150,2850 2140,2846 2099,2829 2095,2829 2092,2829 2088,2829 2051,2839 2007,2809 2003,2809 2000,2809 1996,2809 1921,2812 1918,2812 1914,2812 1914,2816 1887,2836 1788,2816 1785,2816 1781,2816 1778,2816 1744,2839 1720,2856 1686,2839 1689,2949 1689,2983"/>
        <Baseline points="1689,2949 2321,2935"/>
        <TextEquiv>
          <Unicode>Tiſiphone</Unicode>
        </TextEquiv>
      </TextLine>

      
      
      <TextLine id="eSc_line_b655cfa1" custom="structure {type:default;}">
        <Coords points="1088,3089 1088,3133 1355,3109 1440,3119 1467,3123 1471,3123 1474,3123 1477,3123 1481,3119 1512,3095 1621,3112 1662,3116 1665,3116 1669,3116 1686,3109 1716,3092 1771,3102 1815,3112 1819,3112 1822,3112 1856,3099 1921,3072 1959,3095 1969,3102 1972,3102 1976,3102 1979,3102 1983,3102 2013,3092 2054,3078 2170,3078 2184,3082 2215,3099 2218,3099 2222,3099 2225,3099 2228,3099 2252,3078 2273,3061 2324,3075 2348,3082 2351,3082 2355,3082 2358,3082 2362,3082 2372,3075 2385,3061 2413,3072 2437,3078 2440,3078 2443,3078 2447,3078 2450,3078 2450,3075 2461,3068 2478,3054 2539,3065 2583,3072 2587,3072 2672,3058 2757,3044 2775,3054 2812,3072 2816,3072 2819,3072 2935,3048 3044,3068 3048,3068 3051,3068 3054,3068 3092,3044 3232,3051 3235,3051 3239,3051 3280,3027 3280,3017 3269,2955 2897,2966 2891,2962 2850,2928 2846,2928 2843,2928 2792,2928 2788,2928 2785,2928 2781,2928 2727,2966 2648,2938 2645,2938 2641,2938 2638,2938 2583,2955 2484,2938 2481,2938 2478,2938 2396,2973 2372,2983 2334,2973 2266,2959 2263,2959 2259,2959 2256,2959 2235,2976 2222,2986 2198,2976 2126,2949 2123,2949 2119,2949 2116,2949 2048,2979 2013,2996 1993,2983 1972,2966 1969,2966 1966,2966 1962,2966 1959,2966 1955,2966 1935,2983 1918,2996 1764,3003 1733,2986 1689,2966 1686,2966 1611,2966 1607,2966 1082,3000 1088,3089"/>
        <Baseline points="1088,3089 3280,3017"/>
        <TextEquiv>
          <Unicode>Gift und Dolch ſtatt böſer Zungen</Unicode>
        </TextEquiv>
      </TextLine>

      
      
      <TextLine id="eSc_line_46a95e6d" custom="structure {type:default;}">
        <Coords points="1049,3230 1049,3266 1254,3297 1259,3297 1264,3297 1269,3297 1326,3256 1367,3230 1408,3256 1464,3287 1469,3287 1474,3287 1827,3281 1832,3281 1838,3281 1838,3276 1879,3235 1899,3220 1945,3220 1960,3235 2001,3271 2001,3276 2007,3276 2012,3276 2017,3281 2119,3281 2119,3276 2124,3276 2288,3220 2334,3205 2375,3215 2452,3246 2457,3246 2462,3246 2467,3246 2549,3210 2554,3210 2611,3235 2616,3235 2621,3235 2626,3235 2698,3205 2713,3194 3164,3189 3271,3230 3276,3230 3281,3230 3287,3230 3292,3230 3292,3225 3338,3179 3435,3174 3435,3153 3415,3046 3307,3082 3189,3056 3184,3056 2964,3092 2734,3072 2570,3056 2565,3056 2560,3056 2554,3056 2554,3061 2534,3077 2508,3102 2447,3082 2432,3077 2426,3077 2421,3077 2416,3077 2391,3082 2314,3107 2252,3087 2170,3066 2165,3066 2160,3066 2155,3066 2083,3097 2037,3112 1991,3097 1904,3072 1899,3072 1894,3072 1889,3072 1822,3107 1797,3118 1771,3107 1689,3077 1684,3077 1679,3077 1674,3077 1587,3112 1566,3123 1536,3118 1402,3087 1397,3087 1392,3087 1387,3087 1331,3123 1320,3133 1044,3133 1049,3230"/>
        <Baseline points="1054,3232 1539,3208 1720,3194 3437,3157"/>
        <TextEquiv>
          <Unicode>Miſch ich, ſchärf ich dem Verräther:</Unicode>
        </TextEquiv>
      </TextLine>

      
      
      <TextLine id="eSc_line_76086776" custom="structure {type:default;}">
        <Coords points="1044,3358 1044,3379 1122,3416 1126,3416 1129,3416 1133,3416 1232,3386 1314,3416 1317,3416 1320,3416 1324,3416 1416,3365 1419,3365 1430,3365 1559,3386 1563,3386 1566,3386 1628,3358 1631,3358 1662,3379 1665,3379 1669,3379 1672,3379 1675,3379 1679,3379 1703,3355 2010,3348 2041,3372 2041,3375 2044,3375 2048,3375 2157,3386 2160,3386 2331,3379 2334,3379 2430,3331 2440,3328 2447,3331 2512,3362 2515,3362 2618,3368 2621,3368 2747,3362 2751,3362 2856,3317 2867,3314 2877,3317 2959,3338 2962,3338 2966,3338 2969,3338 2973,3338 3000,3314 3068,3334 3072,3334 3075,3334 3078,3334 3082,3334 3112,3307 3119,3304 3177,3304 3181,3280 3170,3229 2990,3232 2891,3191 2887,3191 2884,3191 2792,3194 2788,3194 2703,3242 2693,3249 2532,3249 2525,3249 2454,3215 2450,3215 2331,3211 2327,3211 2256,3215 2252,3215 2157,3259 2140,3266 2003,3266 1983,3266 1894,3229 1890,3229 1887,3229 1884,3229 1880,3229 1812,3269 1798,3280 1614,3283 1604,3276 1566,3252 1563,3252 1559,3252 1556,3252 1553,3252 1501,3280 1481,3293 1430,3293 1409,3283 1310,3249 1307,3249 1303,3249 1300,3249 1297,3249 1242,3287 1136,3256 1133,3256 1129,3256 1126,3256 1041,3293 1044,3358"/>
        <Baseline points="1044,3358 3181,3280"/>
        <TextEquiv>
          <Unicode>Liebſt du andre, früher, ſpäter</Unicode>
        </TextEquiv>
      </TextLine>

      
      
      <TextLine id="eSc_line_c06e7ccc" custom="structure {type:default;}">
        <Coords points="3450,3409 3435,3348 3184,3348 3077,3307 3072,3307 3066,3307 2810,3317 2805,3317 2662,3363 2565,3322 2560,3322 2554,3322 2549,3322 2442,3368 2365,3333 2360,3333 2355,3333 2037,3379 1935,3343 1930,3343 1925,3343 1920,3343 1822,3384 1658,3343 1653,3343 1648,3343 1044,3404 1049,3486 1054,3563 1146,3522 1418,3548 1423,3548 1428,3548 1464,3548 2150,3496 2206,3517 2247,3532 2252,3532 2257,3532 2365,3512 2401,3507 2447,3507 2636,3522 2641,3522 2647,3522 2652,3522 2688,3496 2713,3481 2769,3496 2856,3517 2862,3517 2867,3517 3456,3466 3456,3430 3450,3399 3450,3409"/>
        <Baseline points="1054,3491 2471,3444 3457,3433"/>
        <TextEquiv>
          <Unicode>Hat Verderben dich durchdrungen.</Unicode>
        </TextEquiv>
      </TextLine>

      
      
      <TextLine id="eSc_line_f9d96ca8" custom="structure {type:default;}">
        <Coords points="1064,3768 1068,3805 1133,3781 1252,3799 1280,3802 1283,3802 1375,3795 1754,3758 1945,3771 1952,3771 1955,3771 1962,3771 2174,3744 2409,3754 2433,3754 2437,3754 2471,3751 2737,3727 2829,3737 2921,3751 2925,3751 2928,3751 2932,3751 2952,3734 2962,3727 2983,3734 3031,3747 3034,3747 3037,3747 3041,3747 3085,3730 3106,3720 3133,3727 3188,3741 3191,3741 3194,3741 3198,3741 3252,3723 3283,3713 3355,3717 3358,3700 3351,3607 3304,3587 3300,3587 3297,3587 3293,3587 3242,3611 3205,3587 3201,3587 3198,3587 3194,3587 3085,3611 3058,3590 3054,3590 3051,3590 3048,3590 2826,3597 2822,3597 2771,3624 2737,3642 2689,3624 2665,3618 2662,3618 2658,3618 2655,3618 2635,3624 2577,3648 2488,3628 2416,3614 2413,3614 2409,3614 2375,3631 2362,3638 2341,3631 2280,3614 2276,3614 2273,3614 2269,3614 2222,3635 2160,3665 1870,3669 1822,3645 1819,3645 1815,3645 1812,3645 1716,3676 1621,3652 1617,3652 1614,3652 1491,3679 1450,3652 1443,3645 1440,3645 1437,3645 1433,3645 1430,3645 1426,3645 1419,3652 1385,3682 1276,3689 1215,3655 1198,3648 1194,3648 1191,3648 1058,3659 1064,3768"/>
        <Baseline points="1064,3768 2290,3713 3358,3700"/>
        <TextEquiv>
          <Unicode>Muß der Augenblicke Süßtes</Unicode>
        </TextEquiv>
      </TextLine>

      
      
      <TextLine id="eSc_line_7a67aa06" custom="structure {type:default;}">
        <Coords points="1095,3983 1254,3957 1356,3973 1367,3973 1372,3973 1377,3973 1382,3973 1495,3916 1658,3952 1710,3962 1715,3962 1720,3962 1776,3947 1894,3906 1940,3932 1960,3947 1966,3947 1971,3947 1976,3952 2083,3952 2083,3947 2088,3947 2216,3916 2360,3880 2493,3896 2503,3896 2508,3896 2539,3896 2749,3865 2780,3875 2846,3906 2851,3906 2856,3906 2862,3906 2938,3865 2964,3855 3000,3865 3102,3886 3107,3886 3112,3886 3210,3850 3220,3845 3225,3850 3271,3880 3276,3880 3281,3880 3287,3880 3292,3880 3297,3880 3353,3845 3353,3824 3328,3706 3297,3737 2785,3752 2734,3727 2713,3722 2708,3722 2703,3722 2641,3732 2498,3763 2411,3742 2329,3722 2324,3722 2319,3722 2314,3722 2309,3722 2273,3747 2232,3732 2227,3732 2222,3732 2216,3732 2211,3732 2211,3737 2196,3752 2176,3778 2129,3752 2083,3732 2078,3732 2073,3732 2068,3732 1955,3763 1940,3763 1899,3763 1582,3752 1576,3752 1571,3752 1459,3783 1331,3814 1280,3788 1239,3768 1233,3768 1228,3768 1095,3799 1095,3896 1095,3983"/>
        <Baseline points="1096,3897 1197,3922 2187,3846 3358,3826"/>
        <TextEquiv>
          <Unicode>Sich zu Giſcht und Galle wandeln!</Unicode>
        </TextEquiv>
      </TextLine>

      
      
      <TextLine id="eSc_line_dec84dc0" custom="structure {type:default;}">
        <Coords points="3645,3875 3379,3880 3261,3829 3256,3829 3251,3829 3246,3829 3112,3891 2944,3840 2938,3840 2933,3840 2928,3840 2923,3840 2841,3896 2672,3850 2667,3850 2662,3850 2657,3850 2467,3911 2150,3891 2145,3891 2140,3891 2135,3891 2068,3932 1889,3880 1884,3880 1879,3880 1873,3880 1720,3947 1602,3896 1597,3896 1571,3896 1520,3896 1469,3901 1433,3901 1356,3957 1218,3942 1213,3942 1064,3973 1070,4065 1070,4126 1484,4075 1643,4096 1648,4096 1653,4096 1740,4065 1868,4065 1899,4090 1899,4096 1904,4096 1909,4096 1914,4096 1920,4096 1925,4096 1971,4055 2135,4049 2472,4075 2488,4075 2493,4075 2498,4075 2503,4075 2560,4034 2600,4065 2606,4065 2611,4065 2616,4065 2621,4065 2708,4029 3036,4055 3066,4055 3072,4055 3077,4055 3087,4055 3225,4008 3322,4044 3328,4044 3333,4044 3338,4044 3343,4044 3348,4044 3476,3998 3660,4029 3665,3983 3660,3880 3645,3875"/>
        <Baseline points="1075,4068 1832,4020 2918,3979 3600,3973 3671,3984"/>
        <TextEquiv>
          <Unicode>Hier kein Marckten, hier kein Handeln,</Unicode>
        </TextEquiv>
      </TextLine>

      
      
      <TextLine id="eSc_line_6b11083d" custom="structure {type:default;}">
        <Coords points="1715,4029 1710,4029 1617,4060 1546,4085 1280,4085 1254,4075 1223,4060 1218,4060 1213,4060 1208,4060 1152,4075 1126,4085 1111,4080 1044,4044 1039,4044 1034,4044 1029,4044 957,4075 962,4167 962,4229 1182,4259 1187,4259 1397,4224 1474,4208 1699,4208 1751,4218 1863,4244 1868,4244 2109,4213 2237,4198 2288,4208 2350,4229 2355,4229 2360,4229 2365,4229 2370,4229 2396,4208 2426,4188 2575,4188 2611,4203 2636,4224 2641,4224 2647,4224 2652,4224 2836,4218 2841,4218 2877,4203 2913,4183 2944,4198 2979,4218 2984,4218 2990,4218 3261,4193 3261,4142 3256,3998 3133,3998 3128,3998 3123,3998 3118,3998 3118,4003 3031,4055 2938,4055 2877,4008 2872,4003 2867,4003 2862,4003 2856,4003 2851,4003 2826,4014 2744,4044 2590,4024 2529,4014 2524,4014 2519,4014 2513,4014 2498,4024 2437,4060 2042,4044 1720,4029 1715,4029"/>
        <Baseline points="965,4171 1303,4184 2542,4140 3265,4143"/>
        <TextEquiv>
          <Unicode>Wie er es beging er büßt es.</Unicode>
        </TextEquiv>
      </TextLine>

      
      
      <TextLine id="eSc_line_a580bcf6" custom="structure {type:default;}">
        <Coords points="1058,4444 1058,4478 1440,4471 1443,4471 1447,4471 1495,4450 1529,4468 1532,4468 1536,4468 1539,4468 1553,4468 1652,4447 1733,4461 1744,4461 1747,4461 1751,4461 1757,4461 1846,4433 2024,4450 2037,4450 2041,4450 2068,4450 2437,4413 2529,4433 2532,4433 2536,4433 2539,4433 2542,4433 2638,4406 2990,4416 2993,4416 3130,4389 3225,4410 3229,4369 3215,4297 3119,4321 3051,4300 3027,4293 3024,4293 3020,4293 3017,4293 3013,4293 3003,4300 2969,4328 2853,4328 2816,4307 2812,4307 2809,4307 2805,4307 2802,4307 2798,4307 2747,4334 2597,4338 2560,4314 2522,4287 2519,4287 2515,4287 2433,4287 2430,4287 2426,4287 2314,4321 2222,4355 2116,4355 2071,4331 2041,4314 2037,4314 2034,4314 2030,4314 1993,4331 1935,4365 1894,4365 1860,4334 1853,4328 1850,4328 1846,4328 1843,4328 1839,4328 1836,4328 1836,4331 1829,4338 1802,4362 1761,4338 1737,4324 1733,4324 1730,4324 1641,4314 1638,4314 1460,4348 1402,4358 1361,4352 1249,4328 1245,4328 1054,4358 1058,4444"/>
        <Baseline points="1058,4444 3229,4369"/>
        <TextEquiv>
          <Unicode>Singe keiner vom Vergeben!</Unicode>
        </TextEquiv>
      </TextLine>

      
      
      <TextLine id="eSc_line_9bb2785f" custom="structure {type:default;}">
        <Coords points="1051,4570 1051,4608 1495,4594 1498,4594 1501,4594 1559,4567 1628,4584 1631,4584 1634,4584 1638,4584 1703,4563 1740,4584 1751,4587 1754,4587 1757,4587 1761,4587 1781,4580 1867,4556 1931,4573 1952,4580 1955,4580 1959,4580 1962,4580 1989,4573 2065,4549 2143,4563 2146,4563 2590,4532 2614,4546 2621,4553 2624,4553 2628,4553 2631,4553 2635,4553 2652,4546 2682,4529 2723,4543 2764,4553 2768,4553 2771,4553 2775,4553 2778,4553 2795,4539 2805,4532 2853,4536 2973,4546 2976,4546 3061,4526 3061,4512 3051,4450 2962,4450 2918,4427 2914,4427 2911,4427 2833,4440 2771,4410 2768,4410 2764,4410 2648,4416 2645,4416 2560,4464 2553,4468 2461,4468 1989,4468 1986,4468 1918,4481 1901,4485 1897,4481 1832,4444 1829,4444 1826,4444 1754,4444 1751,4444 1693,4447 1689,4447 1686,4447 1631,4491 1624,4495 1614,4491 1525,4454 1522,4454 1447,4454 1443,4454 1355,4457 1351,4457 1348,4457 1300,4488 1256,4461 1252,4461 1249,4461 1245,4461 1163,4464 1160,4464 1157,4464 1109,4505 1102,4509 1047,4509 1051,4570"/>
        <Baseline points="1051,4570 2420,4515 3061,4512"/>
        <TextEquiv>
          <Unicode>Felſen klag ich meine Sache,</Unicode>
        </TextEquiv>
      </TextLine>

      
      
      <TextLine id="eSc_line_b9780bc4" custom="structure {type:default;}">
        <Coords points="2836,4515 2606,4526 2600,4526 2508,4572 2503,4572 2498,4572 2385,4541 2380,4541 2375,4541 2227,4567 2196,4541 2191,4541 2186,4541 2181,4541 2176,4541 2099,4572 2037,4541 2032,4541 2027,4541 1802,4592 1715,4551 1710,4551 1704,4551 1459,4608 1059,4618 1064,4720 1064,4771 1300,4766 1305,4766 1310,4766 1315,4761 1402,4710 1643,4710 1669,4730 1669,4736 1674,4736 1679,4736 1684,4736 1689,4736 1694,4736 1720,4710 1756,4741 1761,4741 1761,4746 1766,4746 1771,4746 1863,4751 1868,4751 2007,4730 2170,4700 2216,4720 2263,4736 2268,4736 2273,4736 2391,4710 2524,4679 2590,4700 2636,4715 2641,4715 2647,4715 2652,4715 2688,4695 2728,4674 2826,4689 3000,4715 3005,4715 3010,4715 3087,4674 3112,4664 3184,4669 3189,4633 3179,4551 2841,4515 2836,4515"/>
        <Baseline points="1070,4721 1662,4672 3191,4638"/>
        <TextEquiv>
          <Unicode>Echo! Horch! Erwiedert: Rache;</Unicode>
        </TextEquiv>
      </TextLine>

      
      
      <TextLine id="eSc_line_3ffa95b7" custom="structure {type:default;}">
        <Coords points="1064,4846 1064,4877 1341,4877 1344,4881 1413,4915 1416,4915 1419,4915 1607,4881 1658,4870 1679,4881 1785,4928 1788,4928 1792,4928 2037,4925 2041,4925 2044,4925 2092,4887 2126,4898 2129,4898 2133,4898 2136,4898 2191,4881 2239,4864 2273,4881 2314,4901 2317,4901 2321,4901 2324,4901 2327,4901 2348,4887 2450,4922 2454,4922 2457,4922 2461,4922 2525,4898 2590,4918 2594,4918 2597,4918 2863,4915 3013,4881 3140,4853 3307,4870 3310,4870 3416,4853 3502,4881 3512,4829 3508,4758 3252,4713 3116,4713 3112,4713 3109,4713 3106,4713 3106,4717 3065,4751 2921,4727 2918,4727 2914,4727 2802,4765 2798,4768 2727,4768 2645,4768 2553,4720 2549,4720 2546,4720 2443,4724 2440,4724 2437,4724 2399,4754 2321,4724 2317,4724 2225,4724 2222,4724 2085,4747 1993,4737 1989,4737 1986,4737 1983,4737 1983,4741 1955,4761 1887,4744 1884,4744 1880,4744 1877,4744 1812,4778 1634,4778 1536,4734 1532,4734 1529,4734 1525,4734 1522,4734 1457,4782 1262,4782 1167,4747 1163,4747 1160,4747 1157,4747 1061,4782 1064,4846"/>
        <Baseline points="1064,4846 2918,4819 3512,4829"/>
        <TextEquiv>
          <Unicode>Und wer wechſelt ſoll nicht leben.</Unicode>
        </TextEquiv>
      </TextLine>

      
    </TextRegion>
    

    
  </Page>
</PcGts>
