4096 6144
2484 494 2880 665 Halt!
945 600 2945 836 Roſſe hemmet eure Flügel
965 730 3044 969 Fühlet den gewohnten Zügel
952 839 3188 1085 Meiſtert euch wie ich euch meiſtre,
938 965 3290 1221 Rauſchet hin wenn ich begeiſtre –
965 1116 2908 1331 Dieſe Räume laßt uns ehren
965 1256 3283 1460 Schaut umher wie ſie ſich mehren
931 1341 3292 1587 Die Bewundrer Kreis’ um Kreiſe.
955 1532 2792 1744 Denn wir ſind Allegorien
935 1658 3177 1887 Und ſo ſollteſt du uns kennen.
1541 1827 2196 2088 Herold
921 1950 3415 2196 Wüßte nicht dich zu benennen,
938 2078 3078 2338 Eher könnt ich dich beſchreiben.
583 2457 768 4725 2 Uns zu ſchildern uns zu nennen;
2201 2222 3102 2442 Knabe Lencker.
368 2554 675 4403 Ehe wir von Euch entfliehen,
721 2611 921 4454 Herold nun auf! deiner Weiſe
983 2385 1914 2672 So probirs!
1679 2570 2054 2693 Herold
1686 2662 3017 2850 Man muß geſtehn:
1020 2778 2938 2990 Erſtlich biſt du jung und ſchön.
962 2908 3652 3116 Halbwüchsiger Knabe biſt du; doch die Frauen
957 3010 3619 3256 Sie möchten dich ganz ausgewachſen ſchauen.
938 3157 3652 3389 Du ſcheineſt mir ein künftiger Sponſirer,
911 3280 3447 3563 Recht ſo von Haus aus ein Verführer.
793 3609 957 3850 nach
1747 3536 2423 3652 Euphorion
1921 3420 2781 3553 Knabe Lencker
938 3573 3283 3843 Das läßt ſich hören! Fahre fort,
948 3693 3597 3986 Erfinde dir des Räthſels heitres Wort.
1713 3894 2235 4089 Herold.
952 3988 3624 4229 Der Augen ſchwarzer Blitz, die Nacht der Locken
983 4162 1438 4285 Erheitert
921 4121 3532 4367 Umwunden von Juwelnem Band!
931 4263 3351 4498 Und welch ein zierliches Gewand
952 4372 3665 4648 Fließt von den Schultern zu den Socken,
921 4532 3160 4788 Mit Purpurſaum und Glitzertand!
921 4679 3471 4915 Man könnte dich ein Mädchen ſchelten,
921 4819 3355 5024 Doch würdeſt du, zu Wohl und Weh,
897 4966 3334 5140 Auch jetzo ſchon bey Mädchen gelten
918 5079 2754 5270 Sie lehrten dich das A. B. C.
