4096 6144
1641 819 1976 996 Fauſt
2187 884 2918 1013 kommt an
1211 989 2911 1136 Da kommt Ein Reuter hergetrabt
1170 1119 3167 1293 Er ſcheint von Geiſt und Muth begabt
1160 1269 3392 1433 Von blendend=weißem Pferd getragen....
1116 1382 2872 1612 Ich irre nicht, ich kenn ihn ſchon,
1122 1553 2877 1723 Der Philyra berühmter Sohn!
1140 1686 3304 1894 Halt Chiron! halt! Ich habe dir zu ſagen.
1744 1887 2167 2058 Chiron.
1150 2007 2484 2201 Was giebt’s? Was iſt’s!
1682 2167 2116 2368 Fauſt.
1938 2276 3218 2481 Bezähme deinen Schritt.
1747 2478 2194 2662 Chiron.
1150 2621 2027 2819 Ich raſte nicht!
1756 2754 2155 2969 Fauſt.
1807 2923 3333 3118 So bitte ich! Nimm mich mit!
1786 3077 2227 3307 Chiron.
1119 3235 3293 3423 Sitz auf! ſo kann ich nach Belieben fragen:
1116 3379 3328 3563 Wohin des Wegs? Du ſtehſt am Ufer hier,
1121 3522 3420 3732 Ich bin bereit dich durch den Fluß zu tragen.
1754 3696 2867 3891 Fauſt. /: aufſitzend :/
1133 3843 3403 4007 Wohin du willſt. Für ewig dank ichs dir....
1126 3968 3200 4121 Der große Mann der edle Pädagog,
1122 4096 3290 4285 Der, ſich zum Ruhm ein Heldenvolk erzog,
1119 4229 3372 4379 Den ſchönen Kreis der edlen Argonauten
1146 4341 3328 4526 Und alle die des Dichters Welt erbauten.
1740 4512 2191 4703 Chiron.
1136 4608 2831 4807 Das laſſen wir an ſeinem Ort,
1100 4730 3384 4951 Als Mentor kom̄t ſelbſt Pallas nicht zu Ehren;
1082 4925 3430 5085 Am Ende treiben ſie’s nach ihrer Weiſe fort
2037 5017 2176 5130 un
1131 5043 3107 5248 Als wenn ſie nicht erzogen wären.
