4096 6144
1966 692 2317 836 Anax.
2856 808 2903 926 r
1254 849 3292 1039 Schnell quillt der Berg von Mymidonen,
1249 1017 2921 1198 Die Felſenſpalten zu bewohnen,
1266 1146 3085 1361 Pygmeen, Imſen, Däumerlinge,
1293 1317 3082 1508 Und andre thätig=kleine Dinge.
1890 1443 3054 1628 /: zum Homunkulus :/
1286 1597 3143 1788 Nie haſt du Großem nachgeſtrebt,
1297 1761 3092 1942 Einſiedleriſch, beſchränkt gelebt,
1266 1904 3416 2109 Kan̄ſt du zur Herrſchaft dich gewöhnen,
1269 2061 3205 2259 So laß ich dich als König krönen.
1880 2239 2440 2409 Homunk.
1280 2375 2566 2580 Was ſagt mein Thales?
1969 2549 2344 2747 Thales.
2338 2672 3358 2826 Kann’s nicht rathen
1266 2802 3304 2973 Mit kleinen thut man kleine Thaten.
1273 2945 3321 3143 Mit Großen wird der Kleine groß;
1262 3099 3423 3307 Sieh hin! die ſchwarze Kranich Wolke!
1262 3242 3300 3464 Sie droht dem aufgeregtem Volke
1273 3433 3184 3604 Und würde ſo dem König drohn.
1262 3590 3447 3764 Mit ſcharfen Schnäbeln, krallen Beinen,
1266 3741 3368 3911 Sie ſtechen nieder auf die Kleinen;
1273 3901 3546 4072 Was nützt nun Schild und Helm und Speer
1273 4055 3597 4249 Was hilft der Trutz den guten Zwergen,
1262 4225 3409 4410 Wie ſich Dacktyl’ und Imſe ſich verbergen,
1305 4346 1571 4459 Schon
1249 4372 3537 4597 Es wankt, es flieht, es ſtürzt das Heer.
