4096 6144
1505 785 1843 965 Fauſt.
931 945 2751 1112 Den Arzt, der jede Pflanze nennt,
931 1088 2836 1262 Die Wurzeln bis ins Tiefſte kennt,
936 1218 3281 1428 Dem Kranken Heil, dem Wunden Lindrung ſchafft,
938 1409 3269 1590 Umarm ich hier in Geiſt= und Körperkraft.
1532 1600 2003 1792 Chiron.
962 1735 2851 1916 Ward neben mir ein Held verletzt
959 1880 3140 2071 Da wußt ich Hülf und Rath zu ſchaffen,
959 2027 2764 2198 Doch ließ ich meine Kunſt zuletzt
967 2165 3066 2375 Den Wurzelweibern und den Pfaffen.
1566 2362 1925 2546 Fauſt.
955 2491 2880 2679 Du biſt der wahre große Mann
965 2648 2908 2816 Der Lobeswort nicht hören kann;
956 2780 2897 3030 Er ſucht beſcheiden auszuweichen
977 2964 3138 3169 Und thut als gäb es Seinesgleichen.
1536 3167 1976 3355 Chiron.
956 3287 2969 3543 Du ſcheineſt mir geſchickt zu heucheln,
921 3481 3256 3691 Dem Fürſten wie dem Volk zu ſchmeicheln.
1536 3659 1976 3857 Fauſt.
931 3824 2954 4008 So wirſt du mir denn doch geſtehn
931 3968 3164 4188 Du haſt die größten deiner Zeit geſehn;
914 4174 3085 4324 Dem Edelſten in Thaten nachgeſtrebt,
931 4326 3200 4531 Halbgöttlich ernſt, die Tage durchgelebt.
911 4519 3020 4672 Doch unter den heroiſchen Geſtalten
904 4703 3252 4894 Wem haſt du für den tüchtigſten gehalten?
