4096 6144
1684 814 3343 1044 Proteus /: als aus der Ferne :/
1182 1018 1761 1218 Leb wohl!
1715 1090 3358 1356 Thales. /: leiſe zu Homumk. :/
1576 1290 3290 1515 Er iſt ganz nah. Nun leuchte friſch,
1249 1484 3027 1706 Er iſt neugierig wie ein Fiſch.
1249 1638 3133 1848 Und wo er auch geſtaltet ſtockt,
1218 1819 3136 2027 Durch Flam̄en wird er hergelockt.
1735 1971 2524 2181 Homunkulus
1254 2155 3143 2411 Ergieß ich gleich des Lichtes Menge,
1259 2298 3425 2570 Beſcheiden doch, daß ich das Glas nicht ſprenge
1809 2525 3355 2696 Proteus. /: in Geſtalt einer
2348 2641 3403 2798 Rieſen Schildkröte :/
1807 2708 1925 2831 et
1249 2764 2877 2990 Was leucht ſo anmuthig ſchön?
1807 2954 3430 3164 Thales /: den Homumk. verhüllend :/
2170 3072 2334 3215 haſt
1254 3107 3363 3353 Gut! Wen̄ du Luſt kannſt dus näher ſehn.
1252 3310 3269 3491 Die kleine Mühe laß dich nicht verdrießen,
1262 3464 3287 3676 Und zeige dich auf menſchlich beiden Füßen.
1266 3628 3399 3819 Mit unſern Gunſten ſey’s, mit unſerm Willen
1228 3778 3297 3993 Wer ſchauen will was wir verhüllen.
1756 3921 3328 4152 Proteus /: edel geſtaltet :/
1223 4085 3363 4336 Weltweiſe Kniffe ſind dir noch bewußt.
1901 4287 2314 4454 Thales.
1297 4406 3351 4601 Geſtalt zu wechſeln bleibt noch deine Luſt.
1838 4541 3415 4771 /: hat den Homunk. enthüllt! /
1858 4705 3148 4945 Proteus /: /: erſtaunt :/
1259 4887 3413 5126 Ein leuchtend Zwerglein! Niemals noch geſehn.
