4096 6144
1745 834 2252 1018 Proteus.
1102 1020 3116 1177 Komm geiſtig mit uns in die Weite,
1099 1163 3246 1338 Da lebſt du gleich in Läng und Breite,
1143 1324 2836 1491 Beliebig regeſt du dich hier.
1126 1459 3363 1643 Nur ſtrebe nicht nach höheren Orden,
1167 1628 3413 1785 Biſt du einmal ein Menſch geworden
914 1785 2921 1966 Dann So iſt es völlig aus mit dir.
1766 1986 2232 2176 Thales.
1182 2109 3384 2309 Nachdem es kommt; iſts auch wohl fein
1146 2268 3481 2483 Ein wackrer Mann zu ſeiner Zeit zu ſeyn.
1756 2442 3056 2682 Proteus /: zu Thales :/
1157 2631 3097 2816 So einer wohl von deinem Schlag
1146 2790 2990 2979 Das hält noch eine Weile nach;
1141 2933 3374 3153 Denn, unter bleichen Geiſterſchaaren,
1133 3123 3461 3338 Seh ich dich ſchon ſeit vielen hundert Jahren.
1809 3324 2106 3498 Sirenen
