4096 6144
1047 873 3188 1071 Wo wollt ihr hin? Begebt euch fort! ...
1030 1030 2553 1245 Ich ſehe jener Chorus dort
1068 1136 3457 1365 Macht euch zum Windehals. Bezwingt euch nicht
1075 1280 3220 1536 Geht hin! begrüßt manch reizendes Geſicht.
1078 1440 3136 1648 Die Lamien ſinds, luſtfeine Dirnen,
1095 1556 3200 1827 Mit Lächelmund und frechen Stirnen,
1119 1757 3072 1969 Wie ſie dem Satyrvolk behagen;
1116 1873 3189 2168 Ein Bocksfuß darf dort alles wagen.
1843 2071 2191 2218 Meph.
1133 2174 3467 2402 Ihr bleibt doch hier? daß ich euch wiederfinde.
1894 2355 2304 2585 Sphynx.
1153 2515 3239 2757 Ja! Miſche dich zum luftigen Geſinde.
1146 2667 3333 2923 Wir, von Egypten her, ſind längſt gewohnt
1150 2846 3351 3072 Daß unſereins in tauſend Jahre thront.
1182 2990 3061 3215 Und reſpectirt nur unſre Lage,
1153 3150 3403 3379 So regeln wir die Mond= und Sonnentage.
1662 3338 3126 3532 Sitzen vor den Pyramiden,
1648 3471 3271 3755 Zu der Völker Hochgericht;
1664 3630 3578 3845 Ueberſchwemmung, Krieg und Frieden,
1648 3819 3280 4014 Und verziehen kein Geſicht.
