4096 6144
877 911 2932 1088 Da müßtet ihr an ſolchen Orten wohnen
894 1044 3136 1225 Wo Pracht und Kunſt auf gleichem Sitzen thronen,
897 1221 2788 1365 Wo jeden Tag, behend, im Doppelſchritt,
925 1324 2973 1488 Ein Marmorblock als Held in’s Leben tritt.
907 1474 1184 1614 Wo –
1689 1515 2027 1694 Phork.
1044 1655 3174 1839 Schweige ſtill und gieb uns kein Gelüſten,
925 1788 3348 1966 Was hülf es uns und wenn wirs beſſer wüßten.
935 1945 3116 2112 In Nacht geboren, nächtlichem verwandt,
938 2075 3167 2266 Beynah uns ſelbſt, ganz allen unbekannt.
1744 2273 2106 2454 Meph.
952 2426 3232 2652 In ſolchem Fall hat es nicht viel zu ſagen,
965 2594 3372 2788 Man kann ſich ſelbſt auch andern übertragen.
976 2754 3372 2990 Euch Dreyen gnügt Ein Auge gnügt Ein Zahn,
948 2932 3174 3136 Da ging es auch wohl mythologiſch an
969 3078 3351 3290 In zwey die Weſenheit der drey zu faſſen,
969 3242 3297 3430 Der dritten Bildniß mir zu überlaſſen.
948 3413 1972 3631 Auf kurze Zeit.
1812 3560 2054 3727 Eine
1826 3642 3409 3826 Wie dünkts euch ging es an?
1788 3843 2464 3952 Die Andern.
1020 3959 3188 4201 Verſuchen wir’s! doch ohne Aug und Zahn.
1819 4174 2170 4341 Meph.
1027 4280 3331 4447 Nun habt ihr grad das Beſte weggenom̄en,
1034 4420 3351 4584 Wie würde da das ſtrengſte Bild vollkom̄en.
1836 4556 2136 4737 Eine.
1027 4655 3225 4836 Drück du ein Auge zu, ’s iſt leicht geſchehn,
1037 4778 3324 4956 Laß alſofort den Einen Raffzahn ſehn,
1041 4915 3365 5082 Und, im Profil, wirſt du ſogleich erreichen
1047 5055 3348 5205 Geſchwiſterlich vollkom̄en uns zu gleichen.
