4096 6144
3148 665 3328 849 20
1576 807 2042 1018 Anax.
948 1010 3252 1191 Durch Feuerdunſt iſt dieſer Fels zu Handen.
1696 1177 2099 1348 Thales.
983 1307 2983 1484 Im feuchten iſt Lebendiges erſtanden.
1679 1443 3159 1674 Homunk. /: zwiſchen beiden :/
986 1652 2652 1829 Laßt mich an eurer Seite gehn
1010 1805 2768 1989 Mir ſelbſt gelüſtets zu entſtehn.
1675 1986 2085 2146 Anax.
1027 2129 3037 2304 Haſt du, o Thales, je, in Einer Nacht,
996 2276 3324 2467 Solch einen Berg aus Schlam̄ hervorgebracht?
1710 2457 2119 2645 Thales.
986 2566 3358 2747 Nie war Natur und ihr lebendiges Fließen
962 2703 3312 2913 Auf Tag und Nacht und Stunden angewieſen;
972 2877 2959 3087 Sie bildet regelnd jegliche Geſtalt,
983 3058 3256 3239 Und ſelbſt im Großen iſt es nicht Gewalt.
1648 3225 2099 3413 Anax.
952 3328 3235 3594 Hier aber war’s! Plutoniſch grim̄ig Feuer,
942 3529 3297 3730 Aeoliſcher Dünſte Knallkraft ungeheuer,
962 3700 3287 3891 Durchbrach des flachen Bodens alte Kruſte
976 3853 3232 4065 Daß neu ein Berg ſogleich entſtehen mußte.
1747 4058 2167 4235 Thales.
972 4212 3351 4399 Was wird dadurch nun weiter fortgeſetzt?
962 4352 3143 4614 Er iſt auch da, und das iſt gut zuletzt.
989 4539 3372 4706 Mit ſolchem Streit verliert man Zeit und Weile
989 4696 3345 4874 Und führt doch nur das düm̄ſte Volk am Seile.
