4096 6144
1662 805 2628 1003 Sphynx. /: milde :/
1341 979 3119 1129 Du magſt nur immer bleiben,
785 1119 3269 1303 Wird dichs doch ſelbſt aus unſrer Mitte treiben;
771 1273 3037 1457 In deinem Lande thuſt dir was zu Gute,
785 1443 3194 1628 Doch, irr ich nicht, hier iſt dir ſchlecht zu Muthe.
1696 1624 2092 1795 Meph.
773 1751 2995 1978 Du biſt recht apetitlich oben anzuſchauen,
793 1914 3302 2140 Doch unten hin, die Beſtie macht mir Grauen.
1771 2099 2155 2309 Sphynx.
815 2263 3119 2454 Du Falſcher kommſt zu deiner bittern Buße,
802 2416 2467 2621 Denn unſre Tatzen ſind geſund;
829 2583 2894 2757 Mit dem verſchrumpften Pferdefuße
843 2737 2740 2901 Behagt dirs nicht in unſerem Bund.
1754 2925 2170 3102 Meph.
829 3037 2785 3235 Wer ſind die Vögel in den Aeſten
836 3194 2860 3406 Der Peneuspappeln hingewiegt?
1781 3375 2160 3580 Sphynx
853 3546 2863 3720 Gewahrt euch nur, die Allerbeſten
853 3713 2976 3921 Hat ſolch ein Sing=Sang ſchon beſiegt.
1727 3918 2232 4058 Sirenen.
1116 4136 2996 4317 Ach was wollt ihr euch verwöhnen
1129 4324 2880 4491 In dem häßlich Wunderbaren,
1116 4502 3143 4672 Horcht, wir kom̄en hier zu Schaaren
1126 4662 2962 4829 Und in wohlgeſtimmten Tönen
1116 4840 2757 4997 So geziemet es Sirenen.
