4096 6144
2600 911 2851 1039 n’s
860 967 3394 1152 Des Alten Wort dem Frechen ſchies ein Spiel,
870 1126 3075 1286 Er folgte ſeiner Luſt und Ilion fiel.
880 1244 3476 1459 Ein Rieſenleichnam, ſtarr nach langer Quaal,
873 1406 3426 1604 Des Pinthus Adlern gar willkom̄enes Mahl.
877 1580 3133 1785 Ulyſſen auch! ſagt ich ihm nicht voraus
870 1730 3281 1930 Der Circe Lüſten, des Cyclopen Graus?
870 1901 3314 2099 Das Zaudern ſein, der Seinen leichten Sinn,
884 2068 3362 2259 Und was nicht alles! bracht ihm das Gewinn?
880 2232 3271 2447 Bis vielgeſchaukelt ihn, doch ſpät genug,
890 2401 3276 2621 Der Woge Gunſt an gaſtlich Ufer trug.
1648 2595 2140 2836 Thales.
887 2785 3416 2945 Dem weiſen Mann giebt ſolch Betragen Quaal,
887 2945 3218 3136 Der Gute doch verſucht es noch einmal.
890 3102 3537 3328 Ein Quentchen Danks wird, hoch ihn zu vergnügen,
890 3276 3363 3471 Die Centner Undanks völlig überwiegen.
880 3450 3375 3659 Denn nichts Geringes haben wir zu flehen:
866 3621 3413 3833 Der Knabe da wünſcht weislich zu entſtehen.
