<?xml version="1.0" encoding="UTF-8" standalone="yes"?>
<PcGts xmlns="http://schema.primaresearch.org/PAGE/gts/pagecontent/2013-07-15" xmlns:xsi="http://www.w3.org/2001/XMLSchema-instance" xsi:schemaLocation="http://schema.primaresearch.org/PAGE/gts/pagecontent/2013-07-15 http://schema.primaresearch.org/PAGE/gts/pagecontent/2013-07-15/pagecontent.xsd">
    <Metadata>
        <Creator>escriptorium</Creator>
        <Created>2023-08-01T09:33:06</Created>
        <LastChange>2023-08-01T11:48:11.650+02:00</LastChange>
        <Comments></Comments>
        <TranskribusMetadata docId="1517807" pageId="58303070" pageNr="42" tsid="131663784" status="IN_PROGRESS" userId="99551" imgUrl="https://files.transkribus.eu/Get?id=XLKWJAYPRBFKPJXTMCHLMFNP&amp;fileType=view" xmlUrl="https://files.transkribus.eu/Get?id=CPCEZUPRXKMDWFPWPGRTWNEO" imageId="47225153"/>
    </Metadata>
    <Page imageFilename="391247_0053_0.jpg" imageWidth="4096" imageHeight="6144">
        <ReadingOrder>
            <OrderedGroup id="ro_1690883610100" caption="Regions reading order">
                <RegionRefIndexed index="0" regionRef="eSc_textblock_b9d3cbcc"/>
            </OrderedGroup>
        </ReadingOrder>
        <TextRegion id="eSc_textblock_b9d3cbcc" custom="readingOrder {index:0;} structure {type:text;}">
            <Coords points="2048,655 2235,669 2430,819 3027,819 3300,914 3287,1034 3136,1174 3136,1430 3205,1826 3409,1911 3423,2071 3191,2249 2689,2344 2645,2495 2757,2621 3341,2689 3423,2798 3464,3246 3409,3505 3478,3631 3505,3928 3382,4096 3355,4761 3491,4860 3560,4997 3546,5471 1324,5498 1269,4150 1228,4051 1283,2863 1256,1638 1201,1430 1228,942 1283,887 1812,846 1952,682 2048,655"/>
            <TextLine id="eSc_line_a354400f" custom="readingOrder {index:0;} structure {type:default;}">
                <Coords points="2185,648 1930,706 1940,803 1940,885 2298,834 2298,778 2288,716"/>
                <Baseline points="1945,805 2300,781"/>
                <TextEquiv>
                    <Unicode>Anax.</Unicode>
                </TextEquiv>
            </TextLine>
            <TextLine id="eSc_line_df0100bc" custom="readingOrder {index:1;} structure {type:default;}">
                <Coords points="2877,819 2826,819 2836,911 2836,931 2897,921 2897,906 2877,819 2877,819"/>
                <Baseline points="2837,912 2899,909"/>
                <TextEquiv>
                    <Unicode>r</Unicode>
                </TextEquiv>
            </TextLine>
            <TextLine id="eSc_line_890c009c" custom="readingOrder {index:2;} structure {type:default;}">
                <Coords points="3230,890 3215,885 3107,901 3061,885 3015,865 3010,865 3005,865 3000,865 2995,865 2995,870 2974,885 2959,911 2872,911 2790,911 2754,896 2677,865 2672,865 2667,865 2662,865 2657,865 2600,901 2575,916 2375,916 2370,906 2334,875 2334,870 2329,870 2324,870 2211,870 2206,870 2201,870 2053,916 2032,921 2027,916 1981,875 1976,875 1971,875 1848,875 1843,875 1838,875 1745,926 1740,926 1730,926 1525,885 1520,885 1515,885 1510,885 1448,926 1336,885 1331,885 1326,885 1320,885 1315,885 1233,931 1239,1008 1239,1070 1715,1039 1761,1064 1766,1064 1771,1064 1776,1064 1781,1064 1786,1064 1853,1029 1981,1059 1991,1059 1996,1059 2001,1059 2007,1059 2109,1024 2790,1044 2846,1044 2851,1044 2856,1044 2862,1044 2979,1008 3266,1034 3271,972 3256,901 3230,890"/>
                <Baseline points="1242,1010 3276,973"/>
                <TextEquiv>
                    <Unicode>Schnell quillt der Berg von Mymidonen,</Unicode>
                </TextEquiv>
            </TextLine>
            <TextLine id="eSc_line_b70585f1" custom="readingOrder {index:3;} structure {type:default;}">
                <Coords points="1235,1160 1235,1194 1396,1181 1416,1194 1460,1225 1464,1225 1467,1225 1471,1225 1474,1225 1477,1225 1508,1208 1744,1218 1747,1218 1751,1218 1850,1177 1880,1167 2017,1167 2027,1170 2071,1208 2075,1208 2078,1208 2082,1211 2129,1211 2129,1208 2133,1208 2242,1163 2263,1153 2416,1153 2437,1157 2570,1194 2573,1194 2577,1194 2580,1194 2658,1153 2833,1163 2836,1163 2839,1163 2901,1140 2901,1116 2887,1030 2761,1064 2669,1041 2648,1034 2645,1034 2641,1034 2638,1034 2635,1034 2624,1041 2587,1068 2474,1047 2406,1037 2402,1037 2399,1037 2396,1037 2396,1041 2382,1051 2355,1078 2252,1078 2187,1061 2153,1051 2150,1051 2146,1051 2143,1051 2102,1064 2071,1075 2051,1068 2007,1047 2003,1047 2000,1047 1996,1047 1993,1047 1962,1071 1942,1085 1918,1071 1873,1051 1870,1051 1867,1051 1863,1051 1860,1051 1822,1078 1805,1088 1788,1078 1740,1058 1737,1058 1733,1058 1730,1058 1679,1085 1672,1088 1669,1085 1641,1061 1641,1058 1638,1058 1634,1058 1631,1058 1536,1061 1532,1061 1529,1061 1484,1092 1477,1099 1460,1095 1361,1064 1358,1064 1355,1064 1351,1064 1232,1099 1235,1160"/>
                <Baseline points="1235,1160 2901,1116"/>
                <TextEquiv>
                    <Unicode>Die Felſenſpalten zu bewohnen,</Unicode>
                </TextEquiv>
            </TextLine>
            <TextLine id="eSc_line_48475cbc" custom="readingOrder {index:4;} structure {type:default;}">
                <Coords points="1223,1341 1223,1423 1428,1418 1433,1418 1438,1418 1536,1361 1776,1392 1827,1397 1832,1397 1838,1397 1858,1387 1925,1351 1976,1382 1991,1387 1996,1387 2001,1387 2007,1387 2012,1387 2012,1382 2022,1377 2068,1336 2206,1356 2211,1356 2216,1356 2222,1356 2257,1326 2575,1341 2667,1341 2672,1341 2677,1341 2682,1341 2682,1336 2693,1331 2718,1300 2810,1300 2897,1315 2995,1336 3000,1336 3005,1336 3061,1305 3061,1249 3046,1162 2877,1182 2851,1167 2821,1146 2816,1146 2810,1146 2805,1146 2800,1146 2795,1146 2754,1172 2713,1198 2560,1198 2529,1182 2467,1152 2462,1152 2457,1152 2375,1157 2370,1157 2365,1157 2319,1192 2298,1213 2252,1198 2170,1167 2165,1167 2160,1167 2155,1167 2150,1167 2099,1203 2094,1208 2073,1208 1935,1182 1930,1182 1925,1182 1863,1213 1817,1244 1546,1249 1505,1233 1428,1203 1423,1203 1418,1203 1213,1244 1223,1341"/>
                <Baseline points="1226,1343 3065,1252"/>
                <TextEquiv>
                    <Unicode>Pygmeen, Imſen, Däumerlinge,</Unicode>
                </TextEquiv>
            </TextLine>
            <TextLine id="eSc_line_7d19eb7b" custom="readingOrder {index:5;} structure {type:default;}">
                <Coords points="1286,1474 1286,1505 1314,1522 1317,1522 1320,1522 1324,1522 1413,1505 1440,1518 1443,1518 1447,1518 1450,1518 1505,1495 1542,1525 1546,1525 1549,1525 1553,1525 1778,1498 1938,1532 1942,1532 2208,1522 2211,1522 2215,1522 2310,1464 2430,1505 2433,1505 2437,1505 2440,1505 2546,1457 2819,1443 2897,1440 2901,1440 2925,1460 2925,1464 2928,1464 2932,1464 2935,1464 3061,1433 3065,1409 3054,1361 2938,1361 2877,1331 2874,1331 2870,1331 2867,1331 2737,1368 2563,1355 2560,1355 2556,1355 2553,1355 2536,1368 2505,1344 2501,1344 2498,1344 2495,1344 2402,1348 2399,1348 2304,1385 2030,1361 2027,1361 2024,1361 1928,1399 1737,1389 1733,1389 1563,1409 1536,1385 1536,1382 1532,1382 1529,1382 1525,1382 1522,1382 1464,1402 1361,1389 1358,1389 1355,1389 1283,1419 1286,1474"/>
                <Baseline points="1286,1474 3065,1409"/>
                <TextEquiv>
                    <Unicode>Und andre thätig=kleine Dinge.</Unicode>
                </TextEquiv>
            </TextLine>
            <TextLine id="eSc_line_10a09a9d" custom="readingOrder {index:6;} structure {type:default;}">
                <Coords points="1890,1600 1894,1645 1962,1624 2000,1638 2013,1645 2017,1645 2020,1645 2024,1645 2051,1634 2099,1621 2174,1628 2266,1638 2269,1638 2273,1638 2314,1621 2321,1617 2334,1617 2409,1628 2413,1628 2624,1600 2635,1600 2669,1621 2672,1621 2676,1621 2679,1621 2877,1587 3017,1597 3020,1597 3024,1597 3027,1597 3027,1594 3041,1576 3041,1559 3031,1454 2843,1457 2839,1457 2836,1457 2816,1471 2792,1484 2730,1477 2672,1471 2669,1471 2665,1471 2662,1471 2662,1474 2648,1484 2600,1525 2409,1522 2379,1505 2341,1488 2338,1488 2334,1488 2331,1488 2327,1488 2293,1515 2252,1542 2041,1546 2024,1536 1989,1508 1986,1508 1983,1508 1979,1508 1976,1508 1887,1542 1890,1600"/>
                <Baseline points="1890,1600 3041,1559"/>
                <TextEquiv>
                    <Unicode>/: zum Homunkulus :/</Unicode>
                </TextEquiv>
            </TextLine>
            <TextLine id="eSc_line_616ef074" custom="readingOrder {index:7;} structure {type:default;}">
                <Coords points="1280,1761 1280,1785 1355,1809 1358,1809 1361,1809 1365,1809 1430,1788 1583,1822 1587,1822 1682,1819 1686,1819 1689,1819 1689,1815 1730,1778 1754,1788 1757,1788 1761,1788 1764,1788 1768,1788 1792,1768 1887,1812 1890,1812 1894,1812 2034,1792 2146,1802 2150,1802 2153,1802 2324,1754 2508,1792 2512,1792 2563,1788 2566,1788 2570,1788 2570,1785 2618,1740 2655,1761 2658,1761 2662,1761 3013,1730 3072,1757 3075,1757 3078,1757 3082,1757 3085,1757 3126,1723 3126,1699 3119,1617 3027,1611 3024,1611 3020,1611 3017,1611 3003,1621 2973,1645 2945,1624 2935,1614 2932,1614 2928,1614 2925,1614 2850,1617 2846,1617 2816,1631 2764,1655 2679,1655 2652,1638 2648,1634 2645,1634 2641,1634 2638,1634 2635,1634 2624,1638 2587,1662 2484,1665 2382,1665 2351,1652 2304,1634 2300,1634 2297,1634 2293,1634 2245,1655 2215,1672 2092,1675 2071,1665 2048,1652 2044,1652 2041,1652 1890,1672 1843,1679 1836,1675 1792,1652 1788,1652 1785,1652 1781,1652 1778,1652 1747,1679 1737,1689 1682,1689 1675,1682 1658,1669 1658,1665 1655,1665 1652,1665 1648,1665 1645,1665 1583,1686 1566,1693 1539,1689 1378,1665 1375,1665 1372,1665 1276,1696 1280,1761"/>
                <Baseline points="1280,1761 3126,1699"/>
                <TextEquiv>
                    <Unicode>Nie haſt du Großem nachgeſtrebt,</Unicode>
                </TextEquiv>
            </TextLine>
            <TextLine id="eSc_line_2c91a1cf" custom="readingOrder {index:8;} structure {type:default;}">
                <Coords points="1286,1897 1286,1972 1433,1972 1433,1969 1437,1969 1460,1962 1587,1921 1699,1928 1727,1949 1740,1959 1744,1959 1747,1959 1751,1962 1877,1962 1877,1959 1966,1955 1969,1955 1972,1955 2003,1935 2041,1911 2065,1931 2088,1952 2092,1952 2095,1952 2099,1955 2184,1955 2184,1952 2259,1949 2263,1949 2321,1921 2355,1904 2416,1914 2437,1918 2440,1918 2788,1897 2918,1890 2925,1890 3020,1921 3024,1921 3027,1921 3031,1921 3034,1921 3082,1884 3082,1856 3075,1771 2976,1771 2973,1771 2969,1771 2966,1771 2966,1774 2935,1798 2874,1778 2863,1774 2860,1774 2856,1774 2853,1774 2843,1778 2775,1805 2676,1785 2631,1778 2628,1778 2573,1788 2474,1812 2362,1798 2280,1788 2276,1788 2273,1788 2245,1802 2222,1815 2194,1805 2157,1792 2153,1792 2150,1792 2146,1792 2099,1809 2068,1819 1928,1815 1699,1809 1696,1809 1566,1829 1563,1829 1559,1829 1433,1805 1430,1805 1283,1839 1286,1897"/>
                <Baseline points="1286,1897 3082,1856"/>
                <TextEquiv>
                    <Unicode>Einſiedleriſch, beſchränkt gelebt,</Unicode>
                </TextEquiv>
            </TextLine>
            <TextLine id="eSc_line_5b6fd8f9" custom="readingOrder {index:9;} structure {type:default;}">
                <Coords points="3399,1920 3112,1899 3107,1899 3102,1899 3097,1899 3046,1935 3036,1940 2897,1940 2862,1940 2621,1909 2616,1909 2611,1909 2606,1909 2544,1945 2539,1950 2529,1945 2442,1920 2437,1920 2432,1920 2426,1920 2421,1920 2421,1925 2416,1925 2396,1950 2391,1960 2227,1960 2227,1955 2160,1925 2155,1925 2150,1925 1986,1960 1971,1966 1925,1930 1920,1930 1914,1930 1909,1930 1904,1930 1899,1930 1899,1935 1863,1966 1740,1935 1735,1935 1730,1935 1725,1935 1592,1971 1423,1945 1418,1945 1259,1981 1264,2063 1264,2109 1448,2145 1454,2145 1459,2145 1541,2104 1546,2104 1561,2104 1843,2135 1848,2135 1853,2135 1945,2099 2032,2129 2037,2129 2042,2129 2048,2129 2129,2088 2145,2083 2176,2088 2375,2119 2380,2119 2385,2119 2391,2119 2421,2094 2447,2114 2452,2114 2457,2114 2462,2114 2467,2114 2472,2114 2519,2078 2529,2068 2626,2068 2667,2073 2821,2109 2826,2109 2831,2109 2944,2068 2959,2063 2974,2068 3082,2094 3087,2094 3092,2094 3097,2094 3159,2063 3174,2058 3415,2058 3415,2007 3404,1925 3399,1920"/>
                <Baseline points="1266,2065 3416,2012"/>
                <TextEquiv>
                    <Unicode>Kan̄ſt du zur Herrſchaft dich gewöhnen,</Unicode>
                </TextEquiv>
            </TextLine>
            <TextLine id="eSc_line_ea7dd9e8" custom="readingOrder {index:10;} structure {type:default;}">
                <Coords points="1264,2216 1264,2293 1725,2293 1725,2288 1730,2288 1735,2288 1735,2283 1751,2268 1776,2242 1873,2263 1960,2278 1966,2278 2160,2247 2329,2222 2411,2237 2544,2263 2549,2263 2554,2263 2626,2227 2657,2211 2703,2222 2754,2232 2759,2232 3200,2196 3200,2155 3184,2068 2969,2083 2938,2073 2877,2053 2872,2053 2867,2053 2862,2053 2856,2053 2821,2078 2816,2083 2810,2078 2769,2058 2764,2058 2759,2058 2754,2058 2749,2058 2713,2083 2693,2099 2544,2099 2529,2088 2498,2068 2493,2068 2488,2068 2483,2068 2365,2094 2263,2073 2257,2073 2252,2073 2247,2073 2247,2078 2222,2104 2216,2109 2058,2114 2037,2109 1955,2083 1950,2083 1945,2083 1940,2083 1935,2083 1884,2114 1873,2124 1735,2124 1725,2124 1643,2094 1638,2094 1633,2094 1510,2099 1505,2099 1500,2099 1500,2104 1469,2129 1310,2104 1305,2104 1300,2104 1295,2104 1259,2124 1264,2216"/>
                <Baseline points="1269,2222 3204,2160"/>
                <TextEquiv>
                    <Unicode>So laß ich dich als König krönen.</Unicode>
                </TextEquiv>
            </TextLine>
            <TextLine id="eSc_line_e823ed04" custom="readingOrder {index:11;} structure {type:default;}">
                <Coords points="1873,2385 1879,2452 2432,2401 2432,2350 2406,2227 2355,2257 2314,2242 2293,2232 2288,2232 2283,2232 2278,2232 2242,2252 2170,2283 2109,2268 2032,2247 2027,2247 2022,2247 2017,2247 1863,2298 1873,2385"/>
                <Baseline points="1879,2387 2437,2351"/>
                <TextEquiv>
                    <Unicode>Homunk.</Unicode>
                </TextEquiv>
            </TextLine>
            <TextLine id="eSc_line_a02d8c1c" custom="readingOrder {index:12;} structure {type:default;}">
                <Coords points="2553,2396 2389,2430 2362,2406 2358,2406 2355,2406 2351,2406 2348,2406 2344,2406 2310,2430 2269,2406 2266,2406 2263,2406 2167,2409 2164,2409 2160,2409 2037,2454 1867,2454 1819,2430 1815,2430 1812,2430 1809,2430 1737,2461 1696,2430 1693,2426 1689,2426 1686,2426 1682,2426 1679,2426 1675,2426 1672,2430 1617,2464 1587,2440 1583,2440 1580,2440 1532,2437 1464,2433 1460,2433 1457,2433 1440,2440 1358,2471 1280,2447 1280,2525 1283,2590 1334,2573 1358,2587 1378,2597 1382,2597 1385,2597 1389,2597 1423,2583 1433,2577 1437,2580 1467,2607 1471,2607 1474,2607 1477,2607 1665,2604 1669,2604 1744,2563 1812,2580 1815,2580 1819,2580 1996,2546 2051,2536 2061,2542 2143,2587 2146,2587 2150,2587 2153,2587 2157,2587 2242,2529 2256,2522 2283,2529 2338,2539 2341,2539 2344,2539 2348,2539 2348,2536 2365,2522 2365,2519 2560,2508 2563,2488 2553,2396"/>
                <Baseline points="1280,2525 1686,2525 2563,2488"/>
                <TextEquiv>
                    <Unicode>Was ſagt mein Thales?</Unicode>
                </TextEquiv>
            </TextLine>
            <TextLine id="eSc_line_1cd4345a" custom="readingOrder {index:13;} structure {type:default;}">
                <Coords points="1976,2686 1979,2764 2157,2740 2167,2740 2242,2754 2245,2754 2249,2754 2344,2713 2344,2665 2334,2583 2245,2597 2239,2590 2228,2583 2228,2580 2225,2580 2222,2580 2218,2580 2215,2580 2211,2580 2198,2594 2194,2594 2170,2573 2170,2570 2167,2570 2164,2570 2160,2570 2157,2570 2119,2587 2034,2577 2030,2577 2027,2577 2024,2577 2024,2580 2020,2580 1996,2611 1996,2614 1969,2614 1976,2686"/>
                <Baseline points="1976,2686 2344,2665"/>
                <TextEquiv>
                    <Unicode>Thales.</Unicode>
                </TextEquiv>
            </TextLine>
            <TextLine id="eSc_line_175213b2" custom="readingOrder {index:14;} structure {type:default;}">
                <Coords points="3338,2696 3307,2706 3280,2696 3239,2682 3235,2682 3232,2682 3229,2682 3174,2699 3109,2720 3041,2703 2976,2689 2973,2689 2969,2689 2935,2706 2901,2727 2713,2720 2710,2720 2628,2740 2566,2740 2542,2720 2529,2706 2525,2706 2522,2706 2519,2706 2341,2723 2344,2795 2344,2819 2406,2843 2409,2843 2413,2843 2570,2816 2580,2812 2751,2809 2754,2812 2771,2826 2771,2829 2775,2829 2778,2829 2781,2833 2850,2833 2850,2829 2853,2829 2918,2809 2955,2798 2993,2809 3034,2816 3037,2816 3041,2816 3068,2805 3089,2798 3136,2805 3218,2816 3222,2816 3225,2816 3259,2802 3287,2792 3355,2798 3358,2761 3345,2703 3338,2696"/>
                <Baseline points="2344,2795 3358,2761"/>
                <TextEquiv>
                    <Unicode>Kann’s nicht rathen</Unicode>
                </TextEquiv>
            </TextLine>
            <TextLine id="eSc_line_8aa8e53c" custom="readingOrder {index:15;} structure {type:default;}">
                <Coords points="1276,2928 1280,2949 1280,2993 1532,2969 1693,2983 1761,2986 1764,2986 1768,2986 1788,2979 1819,2966 1843,2976 1887,2993 1890,2993 1894,2996 2020,2996 2020,2993 2024,2993 2027,2993 2027,2990 2030,2990 2048,2969 2054,2959 2082,2966 2129,2979 2133,2979 2136,2979 2140,2979 2143,2979 2160,2962 2174,2952 2208,2962 2256,2976 2259,2976 2263,2976 2464,2955 2914,2969 2918,2969 2921,2969 2925,2969 2966,2935 3082,2935 3150,2962 3153,2962 3157,2962 3160,2962 3164,2962 3218,2925 3256,2938 3259,2938 3263,2938 3266,2938 3304,2918 3304,2894 3293,2836 3249,2839 3242,2836 3184,2805 3181,2805 3177,2805 2962,2836 2928,2822 2925,2822 2921,2822 2918,2822 2914,2822 2880,2846 2870,2853 2672,2853 2669,2850 2631,2822 2628,2822 2624,2822 2556,2822 2553,2822 2549,2822 2440,2856 2413,2867 2228,2867 2218,2863 2174,2833 2170,2833 2167,2833 2164,2833 1945,2853 1942,2853 1938,2853 1918,2870 1908,2877 1863,2870 1788,2860 1785,2860 1781,2860 1727,2874 1665,2846 1662,2846 1658,2846 1655,2846 1580,2874 1546,2860 1542,2860 1539,2860 1536,2860 1532,2860 1532,2863 1515,2880 1508,2887 1450,2880 1341,2870 1338,2870 1334,2870 1276,2884 1276,2928"/>
                <Baseline points="1280,2949 3304,2894"/>
                <TextEquiv>
                    <Unicode>Mit kleinen thut man kleine Thaten.</Unicode>
                </TextEquiv>
            </TextLine>
            <TextLine id="eSc_line_cd90a54b" custom="readingOrder {index:16;} structure {type:default;}">
                <Coords points="1286,3112 1286,3147 1310,3164 1314,3164 1317,3164 1320,3164 1324,3164 1399,3140 1481,3167 1484,3167 1488,3167 1590,3164 1594,3164 1597,3164 1634,3136 1727,3157 1730,3157 1733,3157 1737,3157 1795,3123 1798,3119 1805,3123 1870,3143 1873,3143 1877,3143 1880,3143 1931,3116 1935,3116 1942,3116 2048,3136 2051,3136 2054,3136 2092,3119 2191,3126 2194,3126 2198,3126 2201,3126 2201,3123 2218,3106 2222,3106 2232,3106 2402,3136 2406,3136 2409,3136 2508,3099 2515,3095 2532,3095 2699,3123 2703,3123 2706,3123 2775,3099 2914,3119 2918,3119 2986,3116 2990,3116 2993,3116 3037,3082 3328,3068 3328,3044 3321,2955 3239,2955 3235,2955 3232,2955 3229,2955 3229,2959 3225,2959 3184,2996 3102,2983 3099,2983 2812,3010 2761,2983 2737,2973 2734,2973 2730,2973 2611,2976 2607,2976 2563,2993 2501,3020 2413,3003 2324,2986 2321,2986 2317,2986 2249,3010 2194,3031 2102,3020 2071,3017 2068,3017 2065,3017 2044,3024 2003,3034 1962,3027 1832,3003 1829,3003 1826,3003 1822,3003 1778,3037 1768,3044 1675,3048 1665,3044 1634,3020 1631,3020 1628,3020 1624,3020 1621,3020 1566,3037 1529,3013 1525,3013 1522,3013 1518,3013 1515,3013 1437,3054 1392,3017 1389,3017 1385,3017 1382,3017 1378,3017 1283,3058 1286,3112"/>
                <Baseline points="1286,3112 3328,3044"/>
                <TextEquiv>
                    <Unicode>Mit Großen wird der Kleine groß;</Unicode>
                </TextEquiv>
            </TextLine>
            <TextLine id="eSc_line_4dacda35" custom="readingOrder {index:17;} structure {type:default;}">
                <Coords points="1273,3263 1273,3290 1327,3290 1375,3328 1378,3328 1382,3328 1385,3328 1539,3321 1542,3321 1546,3321 1546,3317 1576,3290 1679,3276 1706,3273 1809,3273 1846,3273 1945,3310 1949,3310 1952,3310 2102,3304 2106,3304 2109,3304 2109,3300 2146,3263 2300,3259 2379,3297 2382,3297 2385,3297 2389,3297 2392,3297 2447,3263 2481,3273 2484,3273 2488,3273 2491,3273 2495,3273 2495,3269 2519,3249 2525,3242 2628,3242 2635,3246 2679,3273 2682,3273 2686,3273 2689,3273 2693,3273 2785,3249 2863,3280 2867,3280 2870,3283 2962,3283 2962,3280 2966,3280 3123,3232 3242,3259 3246,3259 3249,3259 3252,3259 3252,3256 3273,3239 3290,3256 3293,3256 3297,3256 3300,3256 3304,3256 3307,3256 3362,3222 3365,3222 3426,3222 3430,3198 3426,3147 3338,3109 3334,3109 3208,3109 3205,3109 3201,3109 3089,3153 3024,3126 3020,3126 3017,3126 3013,3126 3010,3126 2976,3157 2925,3143 2921,3143 2918,3143 2788,3160 2747,3126 2744,3126 2740,3126 2641,3126 2638,3126 2635,3126 2631,3126 2631,3130 2628,3130 2618,3143 2577,3130 2573,3130 2570,3130 2566,3130 2491,3170 2488,3174 2256,3177 2215,3143 2215,3140 2211,3140 2208,3140 2205,3140 2201,3140 2058,3184 2051,3184 2020,3184 1949,3184 1884,3150 1880,3150 1877,3150 1873,3150 1795,3191 1792,3194 1696,3194 1693,3194 1621,3157 1617,3157 1614,3157 1611,3157 1607,3157 1549,3194 1389,3164 1385,3164 1314,3167 1310,3167 1307,3167 1269,3194 1273,3263"/>
                <Baseline points="1273,3263 3430,3198"/>
                <TextEquiv>
                    <Unicode>Sieh hin! die ſchwarze Kranich Wolke!</Unicode>
                </TextEquiv>
            </TextLine>
            <TextLine id="eSc_line_24d09569" custom="readingOrder {index:18;} structure {type:default;}">
                <Coords points="1286,3430 1286,3447 1361,3481 1365,3481 1368,3481 1372,3481 1375,3481 1416,3447 1505,3440 1515,3440 1607,3485 1611,3485 1614,3488 1679,3488 1679,3485 1682,3485 1788,3430 1795,3430 1966,3450 1969,3450 2099,3430 2150,3467 2153,3467 2157,3467 2160,3467 2341,3461 2344,3461 2348,3461 2348,3457 2385,3426 2423,3457 2426,3457 2430,3457 2433,3457 2580,3454 2583,3454 2717,3406 2798,3423 2802,3423 2805,3423 2880,3392 2911,3406 2914,3406 2918,3406 2921,3406 2983,3389 2986,3389 3140,3420 3143,3420 3147,3420 3307,3375 3307,3362 3297,3287 3259,3293 3246,3287 3201,3263 3198,3263 3194,3263 3191,3263 3140,3280 3078,3252 3075,3252 3072,3252 3000,3256 2996,3256 2993,3256 2993,3259 2959,3293 2891,3287 2887,3287 2884,3287 2880,3287 2867,3297 2839,3321 2764,3321 2737,3304 2717,3287 2713,3287 2710,3287 2706,3287 2703,3287 2699,3287 2676,3304 2645,3328 2426,3331 2399,3310 2358,3280 2355,3280 2351,3280 2280,3280 2276,3280 2191,3287 2187,3287 2184,3287 2184,3290 2150,3321 2126,3345 1976,3345 1952,3324 1935,3310 1935,3307 1931,3307 1928,3307 1925,3307 1921,3307 1918,3307 1884,3328 1822,3310 1819,3310 1815,3310 1812,3310 1754,3331 1679,3358 1634,3334 1611,3324 1607,3324 1604,3324 1600,3324 1597,3324 1597,3328 1583,3338 1556,3365 1495,3365 1457,3341 1409,3310 1406,3310 1402,3310 1399,3310 1314,3314 1310,3314 1307,3314 1280,3331 1286,3430"/>
                <Baseline points="1286,3430 2348,3386 3307,3362"/>
                <TextEquiv>
                    <Unicode>Sie droht dem aufgeregtem Volke</Unicode>
                </TextEquiv>
            </TextLine>
            <TextLine id="eSc_line_e1af0088" custom="readingOrder {index:19;} structure {type:default;}">
                <Coords points="1293,3580 1293,3604 1351,3624 1355,3624 1358,3624 1536,3597 1542,3597 1546,3597 1617,3628 1621,3628 1624,3628 1628,3628 1631,3628 1672,3601 1792,3618 1795,3618 1798,3618 1856,3590 1959,3618 1962,3618 1966,3618 1969,3618 2071,3580 2075,3580 2123,3580 2191,3580 2211,3597 2211,3601 2215,3601 2218,3601 2222,3601 2365,3573 2717,3594 2720,3594 2723,3594 2788,3563 2829,3590 2833,3590 2836,3590 2839,3590 2969,3587 2973,3587 2976,3587 2976,3584 3003,3560 3194,3543 3194,3522 3184,3457 3099,3467 3085,3461 3065,3444 3061,3444 3058,3444 3054,3444 3051,3444 2979,3464 2938,3474 2914,3464 2856,3444 2853,3444 2850,3444 2846,3444 2843,3444 2843,3447 2819,3467 2812,3478 2795,3471 2775,3461 2771,3461 2768,3461 2764,3461 2720,3471 2686,3481 2662,3474 2597,3454 2594,3454 2590,3454 2587,3454 2495,3481 2481,3485 2471,3481 2416,3461 2413,3461 2409,3461 2406,3461 2402,3461 2372,3485 2362,3491 2331,3488 2208,3467 2205,3467 2201,3467 2198,3467 2170,3491 2075,3467 2071,3467 2068,3467 2065,3467 2007,3498 2000,3502 1986,3498 1880,3474 1877,3474 1873,3474 1870,3474 1832,3505 1826,3512 1604,3515 1597,3512 1542,3488 1539,3488 1536,3488 1532,3488 1529,3488 1529,3491 1498,3515 1498,3519 1491,3515 1402,3488 1399,3488 1396,3488 1392,3488 1290,3519 1293,3580"/>
                <Baseline points="1293,3580 3194,3522"/>
                <TextEquiv>
                    <Unicode>Und würde ſo dem König drohn.</Unicode>
                </TextEquiv>
            </TextLine>
            <TextLine id="eSc_line_11baf2bc" custom="readingOrder {index:20;} structure {type:default;}">
                <Coords points="1285,3727 1290,3783 1372,3763 1546,3783 1674,3793 1679,3793 1684,3793 1689,3793 1704,3778 1720,3768 1766,3778 1843,3793 1848,3793 1935,3773 2001,3763 2053,3773 2129,3788 2135,3788 2140,3788 2145,3788 2145,3783 2160,3773 2170,3763 2181,3773 2191,3783 2196,3783 2201,3783 2206,3783 2211,3783 2242,3773 2283,3752 2462,3768 2539,3773 2544,3773 2611,3768 2744,3747 2944,3763 3133,3773 3138,3773 3261,3758 3322,3747 3343,3752 3404,3783 3409,3783 3415,3783 3420,3783 3471,3752 3471,3712 3461,3635 3292,3635 3246,3589 3246,3584 3240,3584 3235,3584 3230,3584 2990,3614 2739,3584 2734,3584 2728,3584 2723,3584 2647,3630 2570,3589 2565,3589 2560,3589 2554,3589 2432,3635 2360,3589 2355,3589 2350,3589 2119,3589 2114,3589 2109,3589 1996,3645 1745,3645 1684,3594 1679,3594 1674,3594 1669,3594 1664,3594 1571,3640 1382,3614 1377,3614 1372,3614 1280,3645 1285,3727"/>
                <Baseline points="1286,3730 3473,3717"/>
                <TextEquiv>
                    <Unicode>Mit ſcharfen Schnäbeln, krallen Beinen,</Unicode>
                </TextEquiv>
            </TextLine>
            <TextLine id="eSc_line_03497923" custom="readingOrder {index:21;} structure {type:default;}">
                <Coords points="1293,3887 1293,3908 1665,3935 1669,3935 1822,3932 1826,3932 1873,3904 1897,3894 2003,3904 2075,3911 2078,3911 2157,3904 2307,3887 2396,3901 2488,3918 2491,3918 2495,3918 2539,3901 2587,3884 2672,3901 2699,3904 2703,3904 2706,3904 2723,3901 2809,3877 3065,3877 3106,3898 3119,3904 3123,3904 3126,3904 3130,3904 3150,3898 3208,3877 3266,3898 3290,3904 3293,3904 3297,3904 3375,3894 3375,3850 3368,3799 3287,3781 3283,3781 3082,3799 2996,3754 2993,3754 2990,3754 2986,3754 2833,3802 2757,3764 2754,3764 2614,3761 2611,3761 2461,3764 2457,3764 2454,3764 2454,3768 2409,3809 2355,3768 2351,3768 2348,3768 2239,3768 2235,3768 2232,3768 2133,3816 1966,3819 1938,3802 1935,3802 1931,3802 1928,3802 1925,3802 1856,3822 1819,3792 1815,3792 1812,3792 1809,3792 1805,3792 1764,3802 1672,3778 1669,3778 1665,3778 1662,3778 1658,3778 1600,3829 1488,3829 1443,3788 1440,3788 1437,3788 1382,3785 1378,3785 1375,3785 1290,3829 1293,3887"/>
                <Baseline points="1293,3887 3375,3850"/>
                <TextEquiv>
                    <Unicode>Sie ſtechen nieder auf die Kleinen;</Unicode>
                </TextEquiv>
            </TextLine>
            <TextLine id="eSc_line_f4ce37a3" custom="readingOrder {index:22;} structure {type:default;}">
                <Coords points="1228,4014 1228,4058 1402,4075 1406,4075 1409,4075 1454,4055 1495,4037 1566,4051 1614,4061 1617,4061 1747,4058 1751,4058 1754,4058 1754,4055 1764,4048 1778,4034 1819,4048 1846,4055 1850,4055 1853,4055 1856,4055 1860,4055 1870,4044 1890,4034 1972,4034 1983,4044 1996,4058 2000,4058 2003,4058 2007,4058 2010,4058 2013,4058 2030,4041 2041,4037 2078,4041 2167,4051 2170,4051 2174,4051 2208,4037 2218,4034 2222,4037 2242,4058 2242,4061 2245,4061 2249,4061 2252,4061 2256,4061 2259,4061 2290,4037 2297,4037 2498,4051 2501,4051 2505,4051 2546,4031 2549,4031 2641,4065 2645,4065 2648,4068 2850,4068 2850,4065 2853,4065 2901,4041 3034,4065 3037,4065 3041,4065 3044,4065 3095,4024 3095,4000 3089,3949 2628,3928 2624,3928 2621,3928 2618,3928 2583,3952 2577,3956 2549,3952 2450,3932 2447,3932 2443,3932 2440,3932 2416,3952 2409,3956 2358,3952 2133,3935 2129,3935 2126,3935 2123,3935 2099,3956 2088,3962 2003,3962 1979,3956 1887,3935 1884,3935 1880,3935 1839,3956 1829,3962 1669,3962 1658,3959 1631,3938 1628,3938 1624,3938 1621,3938 1617,3938 1580,3959 1573,3962 1539,3959 1447,3945 1443,3945 1440,3945 1402,3959 1396,3962 1396,3959 1375,3942 1375,3938 1372,3938 1368,3938 1365,3938 1225,3959 1228,4014"/>
                <Baseline points="1228,4014 3095,4000"/>
                <TextEquiv>
                    <Unicode>Ein Frevel tödtete die Reyher,</Unicode>
                </TextEquiv>
            </TextLine>
            <TextLine id="eSc_line_08ad907e" custom="readingOrder {index:23;} structure {type:default;}">
                <Coords points="1300,4164 1300,4205 1385,4188 1409,4205 1433,4225 1437,4225 1440,4225 1443,4229 1515,4229 1515,4225 1518,4225 1522,4225 1522,4222 1546,4205 1549,4198 1754,4188 1795,4201 1809,4205 1812,4205 1815,4205 1843,4198 1897,4188 1914,4198 1952,4225 1955,4225 1959,4225 1962,4229 2146,4229 2146,4225 2150,4225 2249,4194 2286,4184 2327,4194 2409,4212 2413,4212 2416,4212 2454,4191 2457,4191 2481,4191 2628,4205 2631,4205 2771,4188 2812,4184 2819,4188 2880,4222 2884,4222 2887,4225 3031,4225 3031,4222 3263,4181 3266,4157 3259,4109 3205,4109 3205,4106 3150,4068 3147,4068 3143,4068 3140,4068 3136,4068 3133,4068 3082,4106 3078,4109 2846,4109 2843,4102 2809,4072 2809,4068 2805,4068 2802,4068 2457,4068 2454,4068 2450,4068 2447,4068 2409,4099 2406,4102 2389,4099 2338,4092 2334,4092 2331,4092 2307,4099 2273,4109 2167,4109 2157,4099 2136,4078 2136,4075 2133,4075 2129,4075 2071,4072 2068,4072 2065,4072 2000,4096 1966,4109 1850,4102 1846,4096 1829,4082 1829,4078 1826,4078 1822,4078 1819,4078 1815,4078 1812,4078 1788,4096 1774,4096 1713,4085 1710,4085 1706,4085 1703,4085 1693,4096 1675,4106 1658,4092 1645,4082 1645,4078 1641,4078 1638,4078 1634,4078 1631,4078 1628,4078 1604,4092 1573,4113 1495,4113 1464,4092 1447,4078 1443,4078 1440,4078 1437,4078 1297,4089 1300,4164"/>
                <Baseline points="1300,4164 3266,4157"/>
                <TextEquiv>
                    <Unicode>Umſtellte ruhigen Friedensweyher.</Unicode>
                </TextEquiv>
            </TextLine>
            <TextLine id="eSc_line_9f97ce89" custom="readingOrder {index:24;} structure {type:default;}">
                <Coords points="1295,4331 1295,4362 1341,4362 1346,4367 1392,4403 1392,4408 1397,4408 1402,4408 1408,4413 1546,4413 1546,4408 1551,4408 1556,4408 1556,4403 1597,4367 1602,4362 1617,4367 1720,4387 1725,4387 1873,4367 1945,4357 1971,4367 2053,4403 2058,4403 2063,4403 2268,4398 2273,4398 2278,4398 2319,4367 2334,4357 2350,4367 2385,4398 2391,4398 2396,4398 2401,4398 2529,4367 2621,4346 2682,4367 2749,4392 2754,4392 2759,4392 3066,4367 3072,4311 3061,4234 1290,4229 1295,4331"/>
                <Baseline points="1300,4333 3075,4314"/>
                <TextEquiv>
                    <Unicode>Doch jener Mordgeſchoſſe Regen,</Unicode>
                </TextEquiv>
            </TextLine>
            <TextLine id="eSc_line_14109f43" custom="readingOrder {index:25;} structure {type:default;}">
                <Coords points="1300,4505 1300,4587 1396,4587 1396,4584 1399,4584 1402,4584 1430,4563 1477,4580 1481,4580 1484,4580 1488,4580 1491,4580 1529,4549 1566,4577 1566,4580 1570,4580 1573,4580 1576,4580 1600,4577 1747,4549 1781,4573 1788,4577 1792,4577 1795,4577 1798,4577 1890,4573 1894,4573 1897,4573 1901,4570 1949,4526 2030,4526 2112,4526 2153,4553 2157,4553 2160,4553 2164,4553 2167,4553 2242,4522 2297,4556 2307,4567 2310,4567 2314,4567 2317,4570 2375,4570 2375,4567 2379,4567 2382,4567 2392,4556 2440,4515 2652,4515 2686,4546 2699,4556 2699,4560 2703,4560 2706,4560 2710,4560 2781,4546 2942,4509 2979,4539 2996,4553 3000,4553 3003,4553 3007,4556 3068,4556 3068,4553 3072,4553 3102,4536 3164,4505 3194,4505 3222,4532 3232,4539 3232,4543 3235,4543 3239,4543 3242,4543 3304,4529 3304,4468 3297,4413 3164,4413 3017,4372 3013,4372 3010,4372 3007,4372 3003,4372 3003,4375 2955,4416 2955,4420 2904,4420 2901,4420 2860,4389 2856,4389 2853,4389 2850,4389 2846,4389 2778,4420 2737,4382 2737,4379 2734,4379 2730,4379 2638,4379 2635,4379 2631,4379 2505,4427 2501,4427 2368,4386 2365,4386 2263,4386 2259,4386 2256,4386 2252,4386 2252,4389 2218,4420 2095,4433 2030,4389 2027,4389 2024,4389 2020,4389 2017,4389 2013,4389 1938,4437 1935,4440 1853,4440 1710,4440 1645,4403 1641,4403 1638,4403 1634,4403 1631,4403 1570,4433 1365,4403 1361,4403 1358,4403 1355,4403 1297,4437 1300,4505"/>
                <Baseline points="1300,4505 3304,4468"/>
                <TextEquiv>
                    <Unicode>Schafft grauſam=blutgen Rache=Segen,</Unicode>
                </TextEquiv>
            </TextLine>
            <TextLine id="eSc_line_689e3299" custom="readingOrder {index:26;} structure {type:default;}">
                <Coords points="1315,4654 1310,4715 1689,4720 1694,4720 1699,4720 1704,4720 1704,4715 1745,4689 1807,4710 1812,4710 1817,4710 1822,4710 1945,4679 2124,4715 2170,4725 2176,4725 2257,4715 2513,4689 3230,4715 3240,4669 3235,4567 2892,4551 2887,4551 2882,4551 2877,4551 2877,4556 2862,4567 2846,4582 2780,4567 2739,4561 2734,4561 2728,4561 2698,4567 2595,4592 2350,4592 2314,4572 2263,4546 2257,4546 2058,4546 2053,4546 2048,4546 1991,4572 1986,4577 1960,4577 1817,4551 1812,4551 1807,4551 1802,4551 1766,4577 1720,4546 1715,4546 1710,4546 1704,4546 1699,4546 1694,4546 1694,4551 1664,4577 1653,4582 1612,4577 1438,4556 1433,4556 1315,4577 1315,4654"/>
                <Baseline points="1320,4655 3246,4671"/>
                <TextEquiv>
                    <Unicode>Erregt der Nahverwandten Wuth,</Unicode>
                </TextEquiv>
            </TextLine>
            <TextLine id="eSc_line_57900fb7" custom="readingOrder {index:27;} structure {type:default;}">
                <Coords points="1320,4819 1320,4840 1450,4864 1454,4864 1457,4864 1460,4864 1460,4860 1477,4843 1665,4843 1792,4887 1795,4887 1798,4887 2129,4884 2133,4884 2136,4884 2184,4843 2252,4843 2300,4884 2304,4884 2307,4884 2310,4884 2314,4884 2402,4850 2471,4867 2474,4867 2478,4867 2481,4867 2484,4867 2515,4843 2590,4864 2594,4864 2597,4864 2798,4840 2884,4833 2993,4833 3003,4840 3017,4853 3020,4853 3024,4853 3027,4853 3218,4840 3222,4809 3218,4747 3140,4717 3136,4717 3133,4717 3130,4717 3061,4734 2969,4717 2966,4717 2962,4717 2959,4717 2911,4751 2904,4754 2812,4754 2809,4751 2761,4717 2757,4717 2754,4717 2751,4717 2747,4717 2744,4717 2693,4751 2689,4754 2583,4754 2583,4751 2542,4720 2539,4720 2536,4720 2481,4720 2478,4720 2474,4720 2471,4720 2430,4754 2426,4758 2242,4758 2242,4754 2208,4724 2208,4720 2205,4720 2201,4720 1949,4720 1945,4720 1942,4720 1938,4720 1877,4758 1747,4758 1713,4737 1710,4737 1706,4737 1703,4737 1699,4737 1696,4737 1665,4758 1624,4741 1621,4741 1617,4741 1529,4754 1488,4724 1484,4724 1481,4724 1477,4724 1317,4761 1320,4819"/>
                <Baseline points="1320,4819 3222,4809"/>
                <TextEquiv>
                    <Unicode>Nach der Pygäen frevlem Blut.</Unicode>
                </TextEquiv>
            </TextLine>
            <TextLine id="eSc_line_acfb298f" custom="readingOrder {index:28;} structure {type:default;}">
                <Coords points="1344,4962 1344,4990 1563,5014 1566,5014 1570,5014 1573,5014 1600,4990 1662,5024 1665,5024 1669,5027 1788,5027 1788,5024 1792,5024 1795,5024 1839,4986 1969,4983 2078,4983 2082,4983 2164,5021 2167,5021 2170,5024 2252,5024 2252,5021 2256,5021 2379,4980 2382,4980 2396,4980 2717,5014 2720,5014 2723,5014 2798,4976 2877,4973 2942,4973 2955,4973 3167,5010 3170,5010 3174,5010 3225,4983 3338,4997 3341,4997 3478,4966 3478,4939 3471,4891 3338,4891 3266,4850 3263,4850 3259,4850 3170,4870 3150,4853 3147,4853 3143,4853 2979,4853 2976,4853 2973,4853 2969,4853 2969,4857 2932,4891 2874,4864 2870,4864 2867,4864 2863,4864 2860,4864 2812,4894 2751,4867 2747,4867 2744,4867 2740,4867 2682,4884 2655,4860 2655,4857 2652,4857 2648,4857 2566,4857 2563,4857 2474,4860 2471,4860 2467,4860 2433,4887 2392,4864 2389,4864 2385,4864 2382,4864 2379,4864 2338,4891 2228,4867 2225,4867 2061,4901 1901,4881 1897,4881 1774,4908 1641,4908 1621,4891 1621,4887 1617,4887 1614,4887 1611,4887 1607,4887 1566,4908 1464,4894 1460,4894 1341,4911 1344,4962"/>
                <Baseline points="1344,4962 3478,4939"/>
                <TextEquiv>
                    <Unicode>Was nützt nun Schild und Helm und Speer</Unicode>
                </TextEquiv>
            </TextLine>
            <TextLine id="eSc_line_2bc97423" custom="readingOrder {index:29;} structure {type:default;}">
                <Coords points="1324,5116 1324,5157 1474,5154 1488,5160 1539,5195 1542,5195 1546,5195 1549,5198 1727,5198 1727,5195 1730,5195 1733,5195 1733,5191 1768,5160 1781,5147 1979,5147 2013,5160 2024,5167 2027,5167 2030,5167 2068,5160 2157,5147 2184,5164 2222,5188 2225,5188 2228,5188 2232,5188 2317,5184 2321,5184 2324,5184 2324,5181 2344,5164 2368,5143 2454,5164 2488,5171 2491,5171 2495,5171 2515,5164 2546,5154 2563,5164 2594,5188 2597,5188 2600,5188 2604,5188 2607,5188 2672,5164 2747,5140 2819,5140 2850,5167 2874,5184 2877,5184 2880,5184 2884,5188 2983,5188 2983,5184 2986,5184 2990,5184 3013,5167 3051,5140 3116,5167 3153,5181 3157,5181 3160,5184 3259,5184 3259,5181 3263,5181 3293,5167 3365,5137 3437,5167 3464,5181 3467,5181 3471,5181 3536,5167 3536,5099 3529,5044 3092,5044 3058,5014 3058,5010 3054,5010 3051,5010 2962,5010 2959,5010 2826,5041 2771,5021 2768,5021 2764,5021 2614,5048 2566,5024 2563,5024 2560,5024 2556,5024 2478,5048 2409,5017 2406,5017 2208,5014 2205,5014 2201,5014 2119,5034 2082,5017 2078,5017 2075,5017 1979,5027 1976,5027 1972,5027 1972,5031 1945,5051 1774,5017 1771,5017 1768,5017 1665,5055 1471,5021 1467,5021 1464,5021 1460,5021 1402,5058 1320,5058 1324,5116"/>
                <Baseline points="1324,5116 3536,5099"/>
                <TextEquiv>
                    <Unicode>Was hilft der Reyherſtrahl den Zwergen,</Unicode>
                </TextEquiv>
            </TextLine>
            <TextLine id="eSc_line_3f1e3e65" custom="readingOrder {index:30;} structure {type:default;}">
                <Coords points="1324,5270 1324,5294 1365,5321 1368,5321 1372,5321 1375,5321 1378,5321 1447,5297 1525,5307 1556,5335 1556,5338 1559,5338 1563,5338 1566,5338 1570,5338 1648,5307 1723,5335 1727,5335 1730,5335 1733,5335 1737,5335 1815,5287 1942,5290 2048,5331 2051,5331 2054,5331 2126,5321 2129,5321 2133,5321 2133,5317 2167,5290 2187,5304 2191,5304 2194,5304 2198,5304 2549,5283 2587,5317 2587,5321 2590,5321 2594,5321 2597,5324 2662,5324 2662,5321 2665,5321 2669,5321 2713,5287 2757,5300 2761,5300 2764,5300 2768,5300 2771,5300 2795,5280 2853,5317 2856,5317 2860,5317 2863,5321 3013,5321 3013,5317 3017,5317 3020,5317 3020,5314 3051,5280 3276,5270 3276,5242 3266,5178 2856,5188 2846,5184 2788,5157 2785,5157 2781,5157 2778,5157 2775,5157 2737,5188 2734,5191 2655,5191 2648,5188 2611,5160 2607,5160 2604,5160 2600,5160 2597,5160 2522,5184 2344,5164 2341,5164 2338,5164 2290,5181 2245,5167 2242,5167 2239,5167 2235,5167 2232,5167 2184,5198 2181,5198 2174,5198 2065,5167 2061,5167 2058,5167 2054,5167 1983,5195 1918,5171 1914,5171 1911,5171 1908,5171 1904,5171 1867,5201 1720,5174 1716,5174 1713,5174 1710,5174 1662,5205 1460,5178 1457,5178 1454,5178 1320,5212 1324,5270"/>
                <Baseline points="1324,5270 3276,5242"/>
                <TextEquiv>
                    <Unicode>Wie ſich Daktyl’ und Imſe bergen,</Unicode>
                </TextEquiv>
            </TextLine>
            <TextLine id="eSc_line_645ec45c" custom="readingOrder {index:31;} structure {type:default;}">
                <Coords points="1327,5420 1327,5505 1634,5454 1662,5474 1665,5474 1669,5474 1672,5474 1675,5474 1751,5454 1846,5481 1850,5481 1853,5481 1856,5481 1914,5451 2061,5468 2065,5468 2068,5468 2071,5468 2095,5451 2143,5495 2146,5495 2146,5498 2150,5498 2153,5498 2157,5502 2379,5502 2379,5498 2382,5498 2406,5492 2556,5447 2635,5474 2638,5474 2641,5474 2744,5457 2809,5485 2812,5485 2816,5485 2819,5485 2983,5444 3072,5481 3092,5492 3095,5492 3099,5495 3229,5495 3229,5492 3232,5492 3269,5478 3379,5444 3532,5474 3539,5406 3532,5331 3454,5314 3450,5314 3447,5314 3444,5314 3423,5331 3403,5345 3307,5331 3276,5328 3273,5328 3269,5328 3252,5331 3201,5345 3184,5331 3164,5314 3164,5311 3160,5311 3157,5311 3109,5311 3106,5311 2969,5335 2877,5348 2856,5335 2833,5314 2829,5314 2826,5314 2744,5314 2740,5314 2737,5314 2734,5314 2734,5317 2713,5335 2706,5341 2689,5335 2648,5321 2645,5321 2641,5321 2638,5321 2635,5321 2618,5335 2597,5352 2529,5352 2495,5335 2433,5314 2430,5314 2426,5314 2157,5317 2153,5317 2106,5338 2095,5341 2075,5338 1945,5317 1942,5317 1938,5317 1897,5341 1867,5358 1549,5358 1518,5341 1471,5321 1467,5321 1464,5321 1324,5341 1327,5420"/>
                <Baseline points="1327,5420 3539,5406"/>
                <TextEquiv>
                    <Unicode>Schon wankt, es flieht, es ſtürzt das Heer.</Unicode>
                </TextEquiv>
            </TextLine>
        </TextRegion>
    </Page>
</PcGts>
