4096 6144
655 829 2979 1024 Und angelockt vom ſeltnem Wunderglanz der Nacht,
665 965 2682 1194 Verſam̄elt ſich helleniſcher Sage Legion.
658 1129 2955 1361 Um alle Feuer ſchwankt unſicher, oder ſitzt
641 1293 2973 1542 Behaglich, alter Tage fabelhaft Gebild....
641 1457 3194 1665 Der Mond, zwar unvollkom̄en, aber leuchtend hell,
665 1634 2846 1860 Erhebt ſich, milden Glanz verbreitend, überall;
638 1792 3170 2037 Der Zelten Trug verſchwindet, Feuer bren̄en blau.
918 1996 3266 2181 Doch! über mir! welch unerwartet Meteor?
675 2153 2908 2334 Es leuchtet und beleuchtet körperlichen Ball.
682 2331 3167 2508 Ich wittre Leben. Da geziemen will mirs nicht
679 2505 2949 2682 Lebendigem zu nahen dem ich ſchädlich bin,
682 2662 3229 2819 Das bringt mir böſen Ruf und from̄t mir nicht.
672 2812 3242 3027 Schon ſinkt es nieder. Weich ich aus mit Wohlbedacht.
1469 2949 2078 3041 Entfernt ſich
1310 2984 2544 3189 /: Die Luftfahrer oben :/
1607 3160 2150 3321 Homunk.
1187 3317 2693 3474 Schwebe noch einmal die Runde
1204 3454 2785 3597 Ueber Flam̄= und Schaudergrauen;
1204 3577 2665 3741 Iſt es doch in Thal und Grunde,
1204 3700 2645 3877 Gar geſpenſtiſch anzuſchauen.
1658 3845 2114 4049 Mephiſt.
1198 4010 2798 4171 Seh ich, wie durchs alte Fenſter,
1215 4164 2901 4321 In des Nordens Wuſt und Graus,
1198 4300 2744 4495 Ganz abſcheuliche Geſpenſter;
1211 4457 2826 4631 Bin ich hier wie dort zu Haus.
1611 4618 2106 4799 Homunk.
1194 4761 2652 4925 Sieh! da ſchreitet eine Lange,
1215 4904 2655 5109 Weiten Schrittes von uns hin.
