4096 6144
1061 897 3017 1075 Nur, um dirs im Vertraun zu ſagen:
1049 1039 3082 1254 Zwey Philoſophen bin ich auf der Spur,
1058 1201 3157 1389 Ich horchte zu, es hieß: Natur! Natur!
1054 1358 3027 1539 Von dieſen will ich mich nicht trennen,
1047 1491 3317 1686 Sie müſſen doch das irdiſche Weſen kennen.
1064 1658 2768 1839 Und ich erfahre wohl am Ende
1064 1809 3126 1976 Wohin ich mich am aller klügſten wende.
1764 1983 2112 2146 Meph.
1058 2116 2925 2317 Das thu auf deine eigne Hand.
1051 2290 3167 2464 Denn wo Geſpenſter Platz genom̄en
1064 2440 3024 2600 Iſt auch der Philoſoph willkom̄en;
2063 2534 2836 2662 Kunſt und Gunſt
1044 2575 3225 2795 Damit man ſeiner Gegenwartſich freue
1071 2751 3078 2932 Erſchafft er gleich ein Dutzend neue.
1095 2877 3450 3087 Wenn du nicht irrſt kom̄ſt du nicht zu Verſtand.
1075 3058 3423 3252 Willſt du entſtehn, entſteh auf eigne Hand.
1699 3215 2252 3420 Homunk.
1078 3368 3365 3577 Ein guter Rath iſt auch nicht zu verſchmähn.
1754 3553 2126 3727 Meph.
1075 3662 3331 3836 So fahre hin! wir wollens weiter ſehn.
1848 3809 2816 4034 /: trennen ſich :/
1669 4014 3082 4215 Anaxagoras. /: zu Thales :/
1054 4172 3179 4392 Dein ſtarrer Sinn will ſich nicht beugen
1054 4336 3184 4556 Bedarf es weiters dich zu überzeugen?
1792 4480 2155 4715 Thales.
1064 4659 3251 4869 Die Welle beugt ſich jedem Winde gern
1054 4829 3229 5024 Doch hält ſie ſich vom ſchroffen Felſen fern.
