4096 6144
1704 768 2252 952 Proteus.
911 926 3087 1152 Laß du ſie ſingen laß ſie prahlen!
965 1116 3020 1269 Der Sonne heiligen Lebeſtrahlen
965 1262 3044 1416 Sind todte Werke nur ein Spaß.
962 1426 3174 1580 Das bildet ſchmelzend unverdroſſen,
989 1573 3119 1754 Und haben ſies in Erz gegoſſen
962 1720 3037 1877 Dann denken ſie es wäre was.
977 1873 3287 2068 Was iſt’s zuletzt mit dieſen Stolzen?
972 2058 3027 2232 Die Götterbilder ſtanden groß,
983 2206 2918 2411 Zerſtörte ſie ein Erdeſtoß;
1010 2379 3280 2577 Längſt ſind ſie wieder eingeſchmolzen.
1239 2549 2984 2769 Das Erdetreiben wie’s auch ſey
1010 2720 2945 2891 Iſt immer doch nur Plackerey;
1003 2836 3328 3046 Dem Leben frommt die Welle beſſer;
1034 3010 2945 3177 Dich trägt ins ewige Gewäſſer
1030 3167 2150 3338 Proteus=Delphin
1993 3321 3218 3491 /: er verwandelt ſich :/
1901 3495 2973 3662 Schon iſts gethan
1024 3594 3179 3819 Da ſoll es dir zum ſchönſten glücken,
1054 3773 3112 3968 Ich nehme dich auf meinen Rücken
1058 3942 2723 4096 Vermähle dich dem Ocean.
1655 4096 2160 4205 Thales.
1024 4208 3153 4433 Gieb nach dem löblichen Verlangen
1030 4389 3174 4567 Von vorn die Schöpfung anzufangen
1377 4480 1807 4587 raſchem
1018 4505 3056 4720 Zum ewigen Wirken ſey bereit
1003 4638 3281 4838 Da regſt du dich nach ewigen Normen,
1024 4782 3261 5002 Durch tauſend aber tauſend Formen,
1030 4952 3194 5143 Und bis zum Menſchen haſt du Zeit.
