4096 6144
1479 700 1889 962 Fauſt.
931 955 2757 1136 Ich wache ja! O laßt ſie walten
942 1116 2688 1310 Die unvergleichlichen Geſtalten
959 1273 2874 1467 Wie ſie dorthin mein Auge ſchickt.
926 1433 2913 1638 So wunderbar bin ich durchdrungen
931 1597 3092 1826 Sind’s Träume? Sind’s Erinnerungen?
957 1756 2933 1971 Schon Einmal warſt du ſo beglückt.
948 1945 2911 2126 Gewäſſer ſchleichen durch die Friſche
952 2094 2928 2309 Der dichten, ſanft bewegten Büſche,
936 2252 2979 2462 Nicht rauſchen ſie, ſie rieſeln kaum;
955 2433 2979 2597 Von allen Seiten hundert Quellen
935 2594 2809 2775 Vereinen ſich, im reinlich hellen,
931 2739 2979 2944 Zum Bade flach vertieften Raum.
952 2903 2744 3133 Geſunde junge Frauenglieder,
948 3099 3082 3273 Vom feuchten Spiegel doppelt wieder
959 3249 2590 3447 Ergötztem Auge zugebracht.
947 3404 2872 3599 Geſellig dann und fröhlich badend,
942 3548 3174 3758 Erdreiſtet ſchwim̄end, furchtſam wadend;
965 3720 2986 3921 Geſchrey zuletzt und Waſſerſchlacht.
969 3898 2747 4068 Begnügen ſollt ich mich an dieſen,
965 4037 2850 4208 Mein Auge ſollte hier genieſſen,
938 4188 3085 4341 Doch immer weiter ſtrebt mein Sinn.
942 4336 3266 4546 Der Blick dringt ſcharf nach jener Hülle,
926 4485 2954 4710 Das reiche Laub der grüne Fülle
935 4655 2590 4867 Verbirgt die hohe Königin.
