4096 6144
1733 846 2071 1013 Meph.
1182 952 2846 1136 Hier dacht ich lauter Unbekannte
1201 1112 2908 1259 Und finde Nahverwandte;
1204 1249 2908 1406 Es iſt ein altes Buch zu blättern:
1203 1377 3046 1576 Vom Harz zum Peneus im̄er Vettern.
1761 1556 2177 1747 Empuſe.
1204 1713 2925 1901 Entſchieden weiß ich gleich zu handeln,
1192 1868 2908 2007 In vieles könnt’ ich mich verwandeln,
2242 1960 2498 2063 hab ich
1208 1996 2851 2191 Doch euch zu Ehren ſeht mir jetzt
1181 2164 2757 2334 Das Eſelsköpfchen aufgeſetzt.
1768 2348 2194 2536 Mephiſto.
1191 2536 2921 2730 Ich merk, es hat bey dieſen Leuten
1192 2698 3077 2903 Verwandtſchaft großes zu bedeuten,
1177 2880 3116 3051 Doch mag ſich was auch will eräugnen
1167 3034 3112 3215 Den Eſelskopf möcht ich verläugnen.
1751 3205 2237 3399 Lamien.
1208 3363 3087 3594 Laß dieſe Garſtige, ſie verſcheucht,
1228 3553 3046 3737 Was irgend ſchön und lieblich deucht,
1249 3706 3077 3891 Was irgend ſchön und lieblich wär,
1239 3884 3119 4041 Sie kommt heran, es iſt nicht mehr.
1744 4109 2116 4280 Meph.
1215 4232 3082 4416 Auch dieſe Mühmchen, zart und ſchmächtig
1242 4413 2996 4556 Sie ſind mir alleſamt verdächtig.
1252 4546 3031 4717 Und hinter ſolcher Wänglein Roſen
1215 4700 3003 4891 Fürcht ich doch auch Metamorphoſen.
