4096 6144
1716 1802 2764 1955 Meph. /: verdrieslich :/
928 1949 2812 2126 Was krächtzt vorbey mit Flügelſchlag?
918 2099 2839 2266 So ſchnell daß man’s nicht ſehen mag,
931 2242 2887 2396 Und immer eins dem andern nach!
942 2389 2747 2542 Den Jäger würden ſie ermüden.
1745 2524 2165 2713 Sphynx
935 2710 3058 2856 Dem Sturm des Winterwinds vergleichbar,
1807 2805 2160 2918 kaum
916 2846 2734 3000 Alcides Pfeilen nur erreichbar,
969 2996 2775 3167 Es ſind die raſchen Stymphaliden.
972 3133 2908 3322 Und wohlgemeint ihr Krächzegruß,
969 3297 2771 3471 Mit Geyerſchnabel und Gänſefuß.
936 3420 3133 3660 Gar gerne möchten ſie in unſern Kreiſen
952 3597 2901 3754 Als Stammverwandte ſich erweiſen.
1735 3752 3230 3993 Meph. /: wie verſchüchtert :/
942 3932 3075 4119 Noch andres Zeug ziſcht zwiſchen drein.
1751 4096 2176 4316 Sphynx.
921 4283 2819 4471 Vor dieſen ſey euch ja nicht bange,
942 4413 3276 4638 Es ſind die Köpfe der Lernäiſchen Schlange,
952 4556 3379 4817 Vom Rumpf getrennt und glauben was zu ſeyn.
931 4741 3235 4940 Doch ſagt was ſoll nur aus euch werden,
959 4901 2826 5058 Was für unruhige Gebärden?
