<?xml version="1.0" encoding="UTF-8" standalone="yes"?>
<PcGts xmlns="http://schema.primaresearch.org/PAGE/gts/pagecontent/2013-07-15" xmlns:xsi="http://www.w3.org/2001/XMLSchema-instance" xsi:schemaLocation="http://schema.primaresearch.org/PAGE/gts/pagecontent/2013-07-15 http://schema.primaresearch.org/PAGE/gts/pagecontent/2013-07-15/pagecontent.xsd">
    <Metadata>
        <Creator>escriptorium</Creator>
        <Created>2023-08-01T09:33:06</Created>
        <LastChange>2023-08-01T11:47:30.538+02:00</LastChange>
        <Comments></Comments>
        <TranskribusMetadata docId="1517807" pageId="58303064" pageNr="36" tsid="131663767" status="IN_PROGRESS" userId="99551" imgUrl="https://files.transkribus.eu/Get?id=ZVYNNBXSMRZGZOFFWJKNHGOT&amp;fileType=view" xmlUrl="https://files.transkribus.eu/Get?id=OTPMEYWIJHDQQZPYPLLQHMMN" imageId="47225147"/>
    </Metadata>
    <Page imageFilename="391247_0043_0.jpg" imageWidth="4096" imageHeight="6144">
        <ReadingOrder>
            <OrderedGroup id="ro_1690883610094" caption="Regions reading order">
                <RegionRefIndexed index="0" regionRef="eSc_textblock_99789aba"/>
            </OrderedGroup>
        </ReadingOrder>
        <TextRegion id="eSc_textblock_99789aba" custom="readingOrder {index:0;} structure {type:text;}">
            <Coords points="1788,764 2112,791 2307,901 2850,914 3150,1037 3177,1092 3164,1553 3300,1624 3328,1706 3205,2426 3259,2577 3409,2717 3382,2986 3273,3208 3287,3628 3437,3686 3491,3833 3396,4338 3259,4464 3232,4911 3136,5075 1474,5061 1297,5048 1242,4980 1283,4300 1201,969 1256,914 1594,887 1788,764"/>
            <TextLine id="eSc_line_09b744aa" custom="readingOrder {index:0;} structure {type:default;}">
                <Coords points="1832,755 1781,798 1776,798 1699,819 1658,844 1664,896 1664,921 2165,926 2170,875 2160,819 2124,798"/>
                <Baseline points="1666,899 2174,880"/>
                <TextEquiv>
                    <Unicode>Lamien.</Unicode>
                </TextEquiv>
            </TextLine>
            <TextLine id="eSc_line_8a39f326" custom="readingOrder {index:1;} structure {type:default;}">
                <Coords points="1211,1027 1211,1054 1245,1071 1249,1071 1252,1071 1317,1058 1358,1092 1358,1095 1361,1095 1365,1095 1368,1099 1590,1099 1590,1095 1594,1095 1733,1054 1921,1092 1925,1092 1928,1092 1931,1092 1993,1051 2136,1082 2140,1082 2143,1082 2146,1082 2191,1051 2307,1092 2310,1092 2314,1092 2317,1092 2321,1092 2358,1061 2471,1075 2474,1075 2478,1075 2570,1047 2597,1071 2600,1071 2604,1071 2607,1071 2611,1071 2658,1047 2792,1078 2795,1078 2798,1078 2918,1041 2918,1017 2911,962 2676,921 2672,921 2669,921 2665,921 2618,962 2618,965 2508,965 2481,965 2440,931 2437,931 2433,931 2430,931 2426,931 2379,945 2351,921 2348,921 2344,921 2341,921 2235,928 2232,928 2228,928 2170,965 2024,935 2020,935 2017,935 1942,969 1809,969 1781,942 1781,938 1778,938 1774,938 1771,938 1768,938 1682,969 1566,928 1563,928 1559,928 1556,928 1553,928 1491,969 1447,928 1443,928 1440,928 1338,928 1334,928 1331,928 1327,928 1280,965 1208,972 1211,1027"/>
                <Baseline points="1211,1027 2918,1017"/>
                <TextEquiv>
                    <Unicode>Verſuch es doch! Sind unſrer Viele.</Unicode>
                </TextEquiv>
            </TextLine>
            <TextLine id="eSc_line_9de2d739" custom="readingOrder {index:2;} structure {type:default;}">
                <Coords points="1233,1172 1233,1239 1392,1218 1418,1239 1418,1244 1423,1244 1428,1244 1433,1244 1684,1239 1689,1239 1694,1239 1699,1233 1751,1198 1879,1198 1920,1228 1935,1244 1940,1244 1945,1244 1950,1249 2109,1249 2109,1244 2114,1244 2170,1223 2247,1192 2375,1192 2411,1213 2421,1223 2426,1223 2432,1223 2437,1223 2442,1223 2447,1223 2457,1213 2483,1192 2703,1192 2728,1208 2775,1239 2780,1239 2785,1239 2790,1239 2795,1239 2897,1203 2928,1192 2969,1203 3112,1228 3118,1228 3123,1228 3128,1228 3153,1203 3153,1162 3138,1075 3005,1080 2995,1075 2969,1049 2969,1044 2964,1044 2959,1044 2872,1044 2867,1044 2862,1044 2754,1075 2734,1080 2713,1075 2565,1044 2560,1044 2554,1044 2549,1044 2508,1080 2503,1080 2493,1080 2314,1049 2309,1049 2304,1049 2247,1080 2196,1044 2191,1044 2186,1044 2181,1044 2176,1044 2170,1044 2135,1075 2017,1049 2012,1049 2007,1049 1904,1085 1858,1049 1853,1049 1848,1049 1679,1049 1674,1049 1669,1049 1664,1049 1617,1085 1582,1064 1576,1064 1571,1064 1228,1090 1233,1172"/>
                <Baseline points="1235,1174 3155,1166"/>
                <TextEquiv>
                    <Unicode>Greif zu! Und haſt du Glück im Spiele,</Unicode>
                </TextEquiv>
            </TextLine>
            <TextLine id="eSc_line_86c1393d" custom="readingOrder {index:3;} structure {type:default;}">
                <Coords points="1254,1315 1254,1382 1628,1377 1633,1377 1638,1377 1643,1372 1704,1331 1848,1351 1853,1351 2160,1320 2232,1341 2278,1356 2283,1356 2288,1356 2293,1356 2365,1336 2442,1315 2467,1331 2478,1341 2483,1341 2488,1341 2493,1341 2749,1315 2754,1280 2744,1187 2186,1187 2181,1187 2176,1187 2119,1208 2094,1218 2007,1213 1797,1198 1792,1198 1597,1228 1582,1228 1571,1228 1351,1208 1346,1208 1341,1208 1249,1239 1254,1315"/>
                <Baseline points="1257,1318 2757,1283"/>
                <TextEquiv>
                    <Unicode>Erhaſche dir das beſte Loos.</Unicode>
                </TextEquiv>
            </TextLine>
            <TextLine id="eSc_line_fc03aa62" custom="readingOrder {index:4;} structure {type:default;}">
                <Coords points="1276,1460 1276,1525 1372,1508 1491,1518 1559,1525 1563,1525 1566,1525 1594,1515 1672,1477 1856,1467 2000,1467 2048,1491 2078,1508 2082,1508 2085,1508 2088,1508 2092,1508 2116,1488 2150,1464 2228,1464 2249,1481 2273,1501 2276,1501 2280,1501 2283,1501 2286,1501 2290,1501 2290,1498 2310,1477 2321,1471 2365,1471 2379,1477 2423,1505 2426,1505 2430,1505 2433,1505 2525,1501 2529,1501 2604,1464 2614,1460 2624,1464 2713,1498 2717,1498 2720,1498 2723,1498 2853,1454 2914,1471 2918,1471 2921,1471 2925,1471 3013,1443 3013,1419 3003,1351 2754,1368 2727,1358 2693,1344 2689,1344 2686,1344 2682,1344 2628,1361 2597,1372 2553,1365 2467,1351 2464,1351 2461,1351 2457,1351 2437,1368 2420,1382 2341,1382 2324,1372 2269,1348 2266,1348 2263,1348 1846,1355 1843,1355 1792,1378 1710,1358 1706,1358 1703,1358 1699,1358 1597,1396 1416,1365 1413,1365 1409,1365 1406,1365 1358,1406 1273,1406 1276,1460"/>
                <Baseline points="1276,1460 3013,1419"/>
                <TextEquiv>
                    <Unicode>Was ſoll das lüſterne Geleyer</Unicode>
                </TextEquiv>
            </TextLine>
            <TextLine id="eSc_line_1d4f436d" custom="readingOrder {index:5;} structure {type:default;}">
                <Coords points="1249,1614 1249,1638 1348,1652 1351,1652 1426,1638 1457,1631 1464,1638 1501,1669 1501,1672 1505,1672 1508,1672 1512,1675 1573,1675 1573,1672 1576,1672 1645,1634 1652,1631 1675,1634 1723,1641 1727,1641 1730,1641 1733,1641 1744,1634 1761,1624 1870,1624 1880,1631 1914,1662 1918,1662 1921,1662 1925,1665 1996,1665 1996,1662 2000,1662 2058,1631 2082,1617 2112,1628 2136,1638 2140,1638 2143,1638 2146,1638 2150,1638 2150,1634 2157,1628 2170,1614 2344,1614 2365,1628 2402,1652 2406,1652 2409,1652 2413,1652 2720,1648 2723,1648 2778,1621 2802,1607 2822,1621 2860,1645 2863,1645 2867,1645 2870,1645 2979,1617 2979,1583 2973,1522 2737,1522 2682,1491 2679,1491 2676,1491 2577,1491 2573,1491 2570,1491 2566,1491 2566,1495 2539,1522 2505,1505 2501,1505 2498,1505 2495,1505 2491,1505 2464,1529 2392,1498 2389,1498 2331,1498 2327,1498 2324,1498 2321,1498 2280,1529 2106,1501 2102,1501 2099,1501 2095,1501 2054,1536 2051,1539 2017,1536 1723,1512 1720,1512 1716,1512 1634,1542 1628,1546 1621,1546 1559,1525 1556,1525 1553,1525 1549,1525 1508,1546 1505,1549 1498,1546 1454,1518 1450,1518 1447,1518 1378,1518 1375,1518 1372,1518 1368,1518 1334,1549 1327,1553 1245,1553 1249,1614"/>
                <Baseline points="1249,1614 2307,1583 2979,1583"/>
                <TextEquiv>
                    <Unicode>Du biſt ein miſerabler Freyer,</Unicode>
                </TextEquiv>
            </TextLine>
            <TextLine id="eSc_line_6201b9dd" custom="readingOrder {index:6;} structure {type:default;}">
                <Coords points="1269,1747 1269,1774 1334,1774 1338,1774 1389,1815 1392,1815 1396,1815 1399,1819 1471,1819 1471,1815 1474,1815 1559,1778 1621,1781 1652,1809 1652,1812 1655,1812 1658,1812 1662,1812 1665,1812 1669,1812 1720,1771 1723,1768 1737,1771 1870,1809 1873,1809 1877,1809 2102,1768 2143,1761 2177,1768 2252,1781 2256,1781 2259,1781 2304,1764 2307,1764 2351,1798 2355,1798 2358,1798 2362,1802 2454,1802 2454,1798 2457,1798 2461,1798 2491,1774 2519,1795 2522,1795 2525,1795 2529,1798 2672,1798 2672,1795 2676,1795 2679,1795 2727,1761 2747,1751 2887,1754 2891,1761 2921,1785 2921,1788 2925,1788 2928,1788 2932,1788 2935,1788 3013,1757 3044,1744 3140,1744 3167,1757 3205,1774 3208,1774 3211,1774 3215,1774 3218,1774 3239,1757 3252,1747 3290,1754 3297,1713 3290,1658 3095,1621 3092,1621 3089,1621 2959,1662 2775,1638 2771,1638 2768,1638 2713,1665 2686,1641 2686,1638 2682,1638 2679,1638 2676,1638 2624,1648 2597,1631 2594,1631 2590,1631 2587,1631 2426,1669 2286,1634 2283,1634 2280,1634 2198,1638 2194,1638 2191,1638 2191,1641 2153,1679 1843,1682 1785,1645 1781,1645 1778,1645 1774,1645 1771,1645 1768,1645 1710,1686 1621,1686 1549,1658 1546,1658 1542,1658 1539,1658 1450,1689 1413,1655 1413,1652 1409,1652 1406,1652 1348,1652 1344,1652 1341,1652 1266,1689 1269,1747"/>
                <Baseline points="1269,1747 3297,1713"/>
                <TextEquiv>
                    <Unicode>Stolzirſt einher und thuſt ſo groß. –</Unicode>
                </TextEquiv>
            </TextLine>
            <TextLine id="eSc_line_ce3db5b5" custom="readingOrder {index:7;} structure {type:default;}">
                <Coords points="1266,1897 1266,1921 1392,1921 1396,1921 1443,1942 1447,1942 1450,1942 1549,1918 1556,1918 1600,1955 1604,1955 1607,1955 1611,1959 1744,1959 1744,1955 1747,1955 1751,1955 1798,1914 1822,1914 1850,1914 1853,1914 1979,1952 1983,1952 1986,1952 2123,1949 2126,1949 2129,1949 2174,1911 2259,1938 2263,1938 2266,1938 2269,1938 2321,1921 2461,1945 2464,1945 2467,1945 2471,1945 2522,1904 2525,1904 2614,1904 2672,1904 2757,1938 2761,1938 2764,1938 2768,1938 2771,1938 2822,1904 2945,1918 2949,1918 2952,1918 2955,1918 2979,1897 3024,1918 3027,1918 3031,1918 3034,1918 3075,1904 3123,1935 3126,1935 3130,1935 3133,1935 3136,1935 3140,1935 3201,1894 3201,1870 3191,1795 2935,1829 2880,1798 2870,1795 2867,1795 2727,1795 2723,1795 2720,1795 2703,1802 2658,1826 2590,1805 2566,1798 2563,1798 2560,1798 2556,1798 2553,1798 2553,1802 2546,1805 2519,1836 2461,1836 2307,1836 2273,1812 2269,1812 2266,1812 2263,1812 2259,1812 2211,1839 2167,1812 2153,1805 2150,1805 2146,1805 2143,1805 2099,1815 1979,1846 1908,1846 1860,1819 1839,1809 1836,1809 1774,1809 1771,1809 1768,1809 1764,1809 1764,1812 1754,1822 1730,1850 1460,1850 1437,1826 1426,1819 1426,1815 1423,1815 1419,1815 1416,1815 1262,1829 1266,1897"/>
                <Baseline points="1266,1897 3201,1870"/>
                <TextEquiv>
                    <Unicode>Nun miſcht er ſich in unſre Schaaren;</Unicode>
                </TextEquiv>
            </TextLine>
            <TextLine id="eSc_line_7160021e" custom="readingOrder {index:8;} structure {type:default;}">
                <Coords points="1280,2037 1280,2083 1320,2114 1326,2114 1331,2114 1336,2114 1520,2088 1715,2114 1720,2114 1725,2114 1730,2114 1730,2109 1776,2073 1781,2063 1986,2063 1996,2068 2032,2104 2032,2109 2037,2109 2042,2109 2048,2114 2160,2114 2160,2109 2165,2109 2252,2068 2273,2058 2682,2058 2693,2063 2769,2099 2775,2099 2780,2099 2785,2099 2790,2099 2846,2063 2959,2099 2964,2099 2969,2099 2974,2099 2979,2099 3041,2058 3046,2053 3066,2058 3174,2083 3179,2083 3184,2083 3189,2083 3261,2053 3261,2017 3251,1930 2478,1914 2472,1914 2467,1914 2462,1914 2421,1945 2416,1945 2411,1945 2324,1914 2319,1914 2314,1914 2309,1914 2304,1914 2257,1945 2247,1955 1996,1955 1996,1950 1899,1920 1894,1920 1889,1920 1643,1955 1592,1925 1587,1925 1582,1925 1331,1925 1326,1925 1320,1925 1315,1925 1274,1950 1280,2037"/>
                <Baseline points="1283,2041 3263,2022"/>
                <TextEquiv>
                    <Unicode>Laßt nach und nach die Masken fahren,</Unicode>
                </TextEquiv>
            </TextLine>
            <TextLine id="eSc_line_88f6cd1b" custom="readingOrder {index:9;} structure {type:default;}">
                <Coords points="1259,2216 1259,2247 1582,2288 1587,2288 1592,2288 1689,2257 1832,2278 1838,2278 1843,2278 1925,2242 1955,2232 2007,2242 2099,2263 2104,2263 2206,2242 2298,2222 2344,2242 2396,2263 2401,2263 2406,2263 2411,2263 2498,2237 2544,2227 2580,2237 2631,2257 2636,2257 2641,2257 2647,2257 2652,2257 2682,2237 2723,2211 2990,2232 2995,2165 2984,2088 2851,2058 2846,2058 2841,2058 2708,2094 2641,2063 2636,2063 2631,2063 2626,2063 2621,2063 2565,2099 2483,2073 2478,2073 2472,2073 2278,2109 2268,2109 2257,2109 2145,2078 2140,2078 2135,2078 2129,2078 2022,2114 1766,2088 1761,2088 1756,2088 1751,2088 1694,2124 1300,2104 1295,2104 1290,2104 1285,2104 1254,2119 1259,2216"/>
                <Baseline points="1261,2217 3000,2167"/>
                <TextEquiv>
                    <Unicode>Und gebt ihm euer Weſen blos.</Unicode>
                </TextEquiv>
            </TextLine>
            <TextLine id="eSc_line_911a9efb" custom="readingOrder {index:10;} structure {type:default;}">
                <Coords points="1785,2368 1781,2437 1880,2426 1925,2433 2007,2447 2010,2447 2013,2447 2017,2447 2044,2430 2051,2426 2157,2426 2160,2379 2160,2280 2106,2280 2102,2280 2099,2280 2095,2280 2092,2283 2054,2317 1972,2317 1931,2297 1887,2276 1884,2276 1880,2276 1877,2276 1785,2307 1785,2368"/>
                <Baseline points="1785,2368 2160,2379"/>
                <TextEquiv>
                    <Unicode>Meph.</Unicode>
                </TextEquiv>
            </TextLine>
            <TextLine id="eSc_line_a0248018" custom="readingOrder {index:11;} structure {type:default;}">
                <Coords points="1252,2522 1252,2553 1522,2580 1525,2580 1727,2573 1730,2573 1792,2549 1802,2546 1819,2549 1904,2570 1908,2570 1911,2570 1914,2570 1914,2566 1935,2549 1945,2532 2027,2529 2078,2546 2123,2563 2126,2563 2129,2563 2133,2563 2167,2546 2215,2522 2334,2542 2338,2542 2341,2542 2392,2519 2563,2536 2566,2536 2570,2536 2638,2512 2720,2542 2737,2546 2740,2546 2744,2546 2747,2546 2751,2546 2757,2539 2792,2515 3065,2501 3174,2536 3181,2474 3167,2402 3095,2423 2990,2406 2880,2392 2877,2392 2874,2392 2822,2413 2781,2430 2768,2416 2754,2402 2754,2399 2751,2399 2747,2399 2703,2399 2699,2399 2696,2399 2693,2399 2669,2420 2648,2437 2307,2443 2266,2433 2211,2416 2208,2416 2205,2416 2201,2416 2198,2416 2177,2433 2164,2447 2140,2437 2099,2420 2095,2420 2092,2420 2088,2420 2085,2420 2061,2440 2044,2454 2007,2454 1996,2440 1972,2420 1972,2416 1969,2416 1966,2416 1962,2416 1959,2416 1955,2416 1914,2443 1908,2447 1894,2443 1805,2423 1802,2423 1798,2423 1795,2423 1764,2450 1761,2450 1757,2450 1730,2426 1730,2423 1727,2423 1723,2423 1720,2423 1583,2426 1580,2426 1576,2426 1576,2430 1549,2457 1546,2457 1536,2457 1365,2430 1361,2430 1358,2430 1249,2461 1252,2522"/>
                <Baseline points="1252,2522 3181,2474"/>
                <TextEquiv>
                    <Unicode>Die ſchönſte hab ich mir erleſen....</Unicode>
                </TextEquiv>
            </TextLine>
            <TextLine id="eSc_line_fc89090d" custom="readingOrder {index:12;} structure {type:default;}">
                <Coords points="2054,2655 2061,2710 2075,2696 2109,2706 2146,2717 2150,2717 2153,2717 2157,2717 2194,2699 2242,2679 2389,2669 2420,2689 2443,2706 2447,2706 2450,2706 2454,2706 2457,2706 2461,2706 2488,2686 2512,2669 2570,2679 2600,2686 2604,2686 2607,2686 2628,2679 2669,2658 2699,2672 2747,2696 2751,2696 2754,2696 2853,2693 2856,2693 2860,2693 2860,2689 2887,2662 2901,2652 2952,2658 2955,2624 2938,2536 2904,2556 2744,2546 2658,2542 2655,2542 2652,2542 2648,2542 2648,2546 2645,2546 2641,2553 2628,2566 2590,2556 2556,2546 2553,2546 2549,2546 2546,2546 2542,2546 2542,2549 2532,2560 2519,2570 2474,2563 2423,2553 2420,2553 2310,2570 2293,2573 2290,2573 2276,2560 2276,2556 2273,2556 2269,2556 2266,2556 2263,2556 2259,2556 2232,2577 2225,2580 2205,2577 2126,2563 2123,2563 2119,2563 2051,2583 2054,2655"/>
                <Baseline points="2054,2655 2955,2624"/>
                <TextEquiv>
                    <Unicode>/: ſie umfaſſend :/</Unicode>
                </TextEquiv>
            </TextLine>
            <TextLine id="eSc_line_4387ddee" custom="readingOrder {index:13;} structure {type:default;}">
                <Coords points="3362,2676 3061,2682 3058,2682 3054,2682 3003,2717 2904,2720 2768,2720 2740,2696 2740,2693 2737,2693 2734,2693 2624,2686 2621,2686 2618,2686 2614,2686 2600,2696 2573,2720 2467,2703 2426,2696 2423,2696 2420,2696 2402,2703 2368,2720 2317,2706 2263,2693 2259,2693 2256,2693 2252,2693 2249,2693 2222,2710 2187,2730 2106,2730 2078,2713 2034,2693 2030,2693 2027,2693 2024,2693 1969,2717 1938,2734 1774,2734 1764,2723 1733,2699 1730,2699 1727,2699 1614,2699 1611,2699 1607,2699 1522,2730 1515,2734 1512,2730 1467,2703 1464,2703 1460,2703 1457,2703 1269,2737 1273,2809 1273,2829 1413,2853 1416,2853 1419,2853 1474,2829 1532,2856 1536,2856 1539,2856 1542,2856 1587,2833 1611,2853 1611,2856 1614,2856 1617,2856 1621,2860 1737,2860 1737,2856 1740,2856 1836,2826 1938,2839 1942,2839 1945,2839 1979,2822 1989,2819 2020,2822 2205,2850 2208,2850 2430,2819 2478,2812 2573,2812 2580,2816 2607,2839 2611,2839 2614,2839 2618,2839 2723,2816 2754,2809 2795,2812 2867,2822 2870,2822 2949,2812 2993,2805 3003,2812 3031,2836 3034,2836 3037,2836 3041,2836 3382,2805 3386,2778 3375,2689 3362,2676"/>
                <Baseline points="1273,2809 3386,2778"/>
                <TextEquiv>
                    <Unicode>O! Weh mir! welch ein dürrer Beſen.</Unicode>
                </TextEquiv>
            </TextLine>
            <TextLine id="eSc_line_cc8329f8" custom="readingOrder {index:14;} structure {type:default;}">
                <Coords points="2003,2976 2007,3051 2088,3010 2351,3017 2355,3017 2358,3017 2443,2993 2604,3003 2614,3010 2669,3054 2672,3054 2676,3054 2679,3054 2781,3037 2966,3048 2969,3048 2973,3048 2976,3048 2976,3044 3027,2990 3089,3041 3092,3041 3095,3041 3099,3044 3191,3044 3191,3041 3194,3041 3198,3041 3280,2966 3321,2962 3321,2935 3314,2867 3095,2856 3092,2856 2962,2867 2959,2867 2955,2867 2955,2870 2942,2880 2925,2897 2822,2897 2809,2887 2805,2884 2805,2880 2802,2880 2798,2880 2795,2880 2740,2891 2652,2904 2600,2894 2529,2880 2525,2880 2522,2880 2464,2901 2430,2914 2365,2914 2358,2904 2334,2884 2334,2880 2331,2880 2327,2880 2324,2880 2321,2880 2317,2880 2280,2908 2269,2914 2239,2911 2109,2887 2106,2887 2102,2887 2000,2914 2003,2976"/>
                <Baseline points="2003,2976 3321,2935"/>
                <TextEquiv>
                    <Unicode>/: eine andre ergreifend :/</Unicode>
                </TextEquiv>
            </TextLine>
            <TextLine id="eSc_line_4ef8bb91" custom="readingOrder {index:15;} structure {type:default;}">
                <Coords points="1283,3160 1283,3191 1355,3208 1358,3208 1450,3191 1460,3191 1467,3191 1549,3218 1553,3218 1556,3218 1559,3218 1621,3191 1634,3184 1652,3191 1723,3229 1727,3229 1730,3229 1733,3229 1737,3229 1737,3225 1740,3225 1768,3191 1774,3181 1904,3177 1976,3177 1993,3191 2030,3222 2034,3222 2037,3222 2041,3222 2044,3222 2129,3191 2136,3188 2143,3191 2194,3218 2198,3218 2201,3218 2280,3215 2283,3215 2286,3215 2286,3211 2290,3211 2304,3194 2327,3215 2331,3215 2334,3215 2338,3215 2430,3211 2433,3211 2437,3211 2461,3191 2481,3170 2515,3191 2553,3208 2556,3208 2560,3211 2641,3211 2641,3208 2645,3208 2648,3208 2676,3188 2713,3164 2792,3188 2829,3201 2833,3201 2836,3205 2949,3205 2949,3201 2952,3201 2955,3201 2955,3198 2969,3188 2993,3164 3072,3160 3140,3188 3147,3119 3143,3051 3085,3034 3082,3034 3078,3034 3075,3034 3003,3051 2979,3058 2973,3054 2959,3044 2955,3044 2952,3044 2949,3044 2805,3058 2740,3061 2730,3058 2669,3034 2665,3034 2662,3034 2658,3034 2556,3061 2539,3065 2519,3061 2362,3034 2358,3034 2095,3041 2092,3041 2088,3041 2044,3072 2030,3082 1969,3082 1955,3075 1901,3044 1897,3044 1894,3044 1795,3048 1792,3048 1788,3048 1788,3051 1768,3072 1723,3054 1720,3054 1716,3054 1713,3054 1665,3078 1652,3085 1611,3082 1430,3054 1426,3054 1280,3085 1283,3160"/>
                <Baseline points="1283,3160 3147,3119"/>
                <TextEquiv>
                    <Unicode>Und dieſe? Schmähliches Geſicht.</Unicode>
                </TextEquiv>
            </TextLine>
            <TextLine id="eSc_line_b5832899" custom="readingOrder {index:16;} structure {type:default;}">
                <Coords points="1839,3324 1839,3348 2358,3348 2358,3314 2348,3263 2239,3263 2228,3259 2133,3215 2129,3215 2126,3215 1966,3229 1962,3229 1959,3229 1959,3232 1935,3252 1914,3269 1836,3252 1839,3324"/>
                <Baseline points="1839,3324 2358,3314"/>
                <TextEquiv>
                    <Unicode>Lamien.</Unicode>
                </TextEquiv>
            </TextLine>
            <TextLine id="eSc_line_c881c256" custom="readingOrder {index:17;} structure {type:default;}">
                <Coords points="1280,3508 1283,3553 1317,3536 1358,3553 1372,3556 1375,3556 1378,3556 1508,3549 1529,3546 1652,3522 1686,3543 1693,3549 1696,3549 1699,3549 1703,3549 1798,3539 2044,3515 2184,3532 2235,3536 2239,3536 2242,3536 2259,3529 2297,3512 2321,3529 2324,3529 2327,3529 2331,3529 2334,3529 2344,3529 2443,3502 2778,3508 2781,3508 2785,3508 2788,3508 2788,3505 2805,3491 2908,3502 2911,3502 2914,3502 2959,3485 3000,3512 3003,3512 3007,3512 3010,3515 3078,3515 3078,3512 3082,3512 3085,3512 3085,3508 3116,3481 3218,3505 3222,3457 3211,3368 2914,3389 2891,3379 2826,3348 2822,3348 2819,3348 2816,3348 2751,3382 2747,3386 2672,3386 2614,3386 2495,3358 2491,3358 2488,3358 2484,3358 2484,3362 2454,3392 2443,3403 2420,3396 2327,3365 2324,3365 2321,3365 2317,3365 2314,3365 2286,3386 2205,3375 2201,3375 2198,3375 2194,3375 2194,3379 2164,3403 2164,3406 2157,3403 2082,3375 2078,3375 1887,3375 1884,3375 1880,3375 1877,3375 1877,3379 1836,3416 1829,3420 1805,3416 1679,3396 1675,3396 1672,3396 1669,3396 1669,3399 1645,3423 1641,3423 1638,3423 1505,3386 1501,3386 1498,3386 1402,3389 1399,3389 1396,3389 1396,3392 1358,3433 1355,3437 1276,3437 1280,3508"/>
                <Baseline points="1280,3508 2450,3467 3222,3457"/>
                <TextEquiv>
                    <Unicode>Verdienſt du’s beſſer? dünk es nicht.</Unicode>
                </TextEquiv>
            </TextLine>
            <TextLine id="eSc_line_e361666b" custom="readingOrder {index:18;} structure {type:default;}">
                <Coords points="1928,3659 1925,3723 2290,3723 2293,3665 2286,3570 2215,3594 2088,3577 2020,3570 2017,3570 1928,3584 1928,3659"/>
                <Baseline points="1928,3659 2293,3665"/>
                <TextEquiv>
                    <Unicode>Meph.</Unicode>
                </TextEquiv>
            </TextLine>
            <TextLine id="eSc_line_b4163008" custom="readingOrder {index:19;} structure {type:default;}">
                <Coords points="3440,3730 3232,3734 3164,3703 3160,3703 3157,3703 2925,3710 2921,3710 2918,3710 2894,3730 2853,3717 2850,3717 2846,3717 2843,3717 2740,3747 2737,3747 2508,3723 2505,3723 2501,3723 2498,3723 2443,3758 2440,3758 2437,3758 2365,3734 2362,3734 2358,3734 2355,3734 2351,3734 2351,3737 2324,3761 2321,3761 2225,3730 2222,3730 2218,3730 2215,3730 2150,3764 2146,3768 1983,3771 1952,3771 1655,3747 1652,3747 1648,3747 1583,3781 1580,3781 1573,3781 1419,3754 1416,3754 1413,3754 1409,3754 1365,3788 1361,3792 1269,3792 1273,3846 1273,3887 1375,3867 1426,3887 1443,3894 1447,3894 1450,3894 1454,3894 1477,3887 1549,3860 1590,3884 1607,3894 1611,3894 1614,3894 1617,3894 1621,3894 1624,3894 1638,3884 1655,3870 1853,3874 1856,3874 1860,3874 1921,3850 1996,3874 2024,3880 2027,3880 2030,3880 2092,3870 2146,3860 2157,3870 2164,3874 2164,3877 2167,3877 2170,3877 2174,3877 2317,3874 2321,3874 2324,3874 2324,3870 2331,3863 2362,3836 2652,3846 2655,3846 2658,3846 2662,3846 2693,3826 2833,3850 2874,3857 2877,3857 2880,3857 2884,3857 2884,3853 2891,3850 2925,3819 3232,3840 3242,3840 3246,3840 3249,3840 3252,3840 3287,3809 3351,3836 3355,3836 3358,3836 3457,3833 3457,3788 3447,3741 3440,3730"/>
                <Baseline points="1273,3846 2761,3799 3457,3788"/>
                <TextEquiv>
                    <Unicode>Die Kleine möcht ich mir verpfänden....</Unicode>
                </TextEquiv>
            </TextLine>
            <TextLine id="eSc_line_dfd68cc0" custom="readingOrder {index:20;} structure {type:default;}">
                <Coords points="3440,3896 3210,3865 3205,3865 3200,3865 3133,3896 3036,3860 3031,3860 3025,3860 3020,3860 3015,3860 2959,3896 2631,3865 2626,3865 2621,3865 2616,3865 2560,3901 2452,3875 2447,3875 2442,3875 2437,3875 2380,3901 2283,3865 2278,3865 2273,3865 2268,3865 2160,3901 2042,3865 2037,3865 2032,3865 1853,3870 1848,3870 1843,3870 1843,3875 1807,3906 1464,3870 1459,3870 1454,3870 1331,3911 1336,3988 1336,4029 1699,4044 1704,4044 1792,4024 1853,4014 1920,4024 2037,4044 2042,4044 2150,4024 2196,4008 2759,4008 2821,4014 2995,4034 3000,4034 3005,4034 3010,4034 3041,4008 3051,4003 3072,4008 3148,4034 3153,4034 3159,4034 3450,4003 3456,3973 3450,3968 3440,3896"/>
                <Baseline points="1341,3993 3459,3974"/>
                <TextEquiv>
                    <Unicode>Lacerte! ſchlüpft mir aus den Händen!</Unicode>
                </TextEquiv>
            </TextLine>
            <TextLine id="eSc_line_aa7b56b3" custom="readingOrder {index:21;} structure {type:default;}">
                <Coords points="1358,4082 1358,4102 1419,4133 1423,4133 1426,4133 1648,4096 1716,4096 1747,4119 1751,4119 1754,4119 1757,4119 1761,4119 1764,4119 1785,4102 2075,4119 2078,4119 2082,4119 2126,4099 2143,4116 2146,4116 2150,4116 2153,4116 2327,4113 2331,4113 2413,4078 2457,4096 2461,4096 2464,4096 2658,4068 2658,4051 2652,4003 2512,3979 2508,3979 2297,4007 2225,3986 2222,3986 2218,3986 2068,4014 2017,3993 2013,3993 2010,3993 1901,4017 1819,4000 1815,4000 1812,4000 1809,4000 1781,4020 1744,4000 1740,4000 1737,4000 1733,4000 1689,4020 1396,4007 1392,4007 1389,4007 1385,4007 1355,4024 1358,4082"/>
                <Baseline points="1358,4082 2658,4051"/>
                <TextEquiv>
                    <Unicode>Und ſchlangenhaft der</Unicode>
                </TextEquiv>
            </TextLine>
            <TextLine id="eSc_line_d332f8e7" custom="readingOrder {index:22;} structure {type:default;}">
                <Coords points="2647,4055 2595,4055 2580,4055 2508,4080 2426,4060 2411,4055 2391,4060 2370,4060 2365,4065 2344,4085 1756,4085 1740,4085 1704,4075 1674,4075 1623,4075 1592,4075 1576,4090 1571,4096 1315,4096 1320,4172 1320,4213 1664,4244 1669,4244 1674,4244 1679,4244 1679,4239 1710,4213 1715,4208 1740,4213 1909,4239 1914,4239 1920,4239 1925,4239 1925,4234 1955,4208 1971,4198 2027,4208 2160,4234 2165,4234 2170,4234 2252,4208 2288,4193 2324,4203 2396,4234 2401,4234 2406,4239 2503,4239 2503,4234 2508,4234 2513,4234 2513,4229 2544,4203 2560,4188 2708,4188 2744,4203 2805,4229 2810,4229 2816,4229 2821,4229 2826,4229 2826,4224 2851,4198 2862,4193 2872,4198 2897,4224 2903,4224 2908,4224 2913,4224 3041,4198 3123,4183 3312,4193 3322,4147 3307,4034 3148,4070 3066,4039 3046,4034 3041,4034 3036,4034 2657,4034 2647,4055"/>
                <Baseline points="1321,4175 3325,4149"/>
                <TextEquiv>
                    <Unicode>Die Schlange nach des glatten Zopfs.</Unicode>
                </TextEquiv>
            </TextLine>
            <TextLine id="eSc_line_a629916e" custom="readingOrder {index:23;} structure {type:default;}">
                <Coords points="1300,4326 1300,4362 1500,4362 1530,4387 1530,4392 1536,4392 1541,4392 1546,4398 1873,4398 1873,4392 1879,4392 1884,4392 1920,4367 1971,4392 1976,4392 1981,4392 1986,4392 2058,4362 2181,4387 2186,4387 2191,4387 2288,4352 2309,4346 2344,4352 2442,4367 2447,4367 2662,4352 2759,4341 2775,4346 2821,4382 2826,4382 2831,4382 2836,4382 3005,4346 3036,4341 3046,4346 3087,4367 3092,4367 3097,4367 3358,4341 3358,4311 3343,4244 2897,4244 2887,4244 2780,4208 2775,4208 2769,4208 2764,4208 2703,4244 2698,4244 2641,4213 2636,4213 2631,4213 2626,4213 2554,4244 2503,4213 2498,4213 2493,4213 2488,4213 2483,4213 2478,4213 2437,4244 2426,4254 2288,4254 2283,4244 2257,4224 2257,4218 2252,4218 2247,4218 1981,4213 1976,4213 1971,4213 1873,4244 1838,4259 1587,4259 1566,4244 1515,4218 1510,4218 1505,4218 1295,4244 1300,4326"/>
                <Baseline points="1303,4328 3359,4312"/>
                <TextEquiv>
                    <Unicode>Dagegen faß ich mir die Lange,....</Unicode>
                </TextEquiv>
            </TextLine>
            <TextLine id="eSc_line_a9435bf6" custom="readingOrder {index:24;} structure {type:default;}">
                <Coords points="1305,4536 1544,4621 1592,4567 1597,4567 1704,4531 1710,4531 1761,4567 1766,4567 1771,4567 1776,4572 1920,4572 1920,4567 1925,4567 1930,4567 1930,4561 1971,4526 1991,4510 2186,4510 2201,4526 2247,4561 2247,4567 2252,4567 2257,4567 2263,4572 2365,4572 2365,4567 2370,4567 2462,4520 2483,4510 2503,4520 2560,4541 2580,4541 2631,4541 2672,4541 2713,4515 2718,4510 2845,4533 2893,4549 2923,4560 2938,4546 2944,4546 2949,4546 2954,4551 2954,4546 2959,4546 2964,4546 2964,4541 2995,4510 3159,4505 3164,4490 3153,4413 2933,4413 2856,4372 2851,4372 2846,4372 2498,4403 2319,4372 2314,4372 2309,4372 2304,4372 2257,4408 2124,4382 2119,4382 2114,4382 2042,4408 1786,4372 1781,4372 1776,4372 1710,4408 1464,4387 1459,4387 1300,4413 1305,4495"/>
                <Baseline points="1310,4498 3168,4495"/>
                <TextEquiv>
                    <Unicode>Da packt ich eine Thyrſusſtange,</Unicode>
                </TextEquiv>
            </TextLine>
            <TextLine id="eSc_line_d2210055" custom="readingOrder {index:25;} structure {type:default;}">
                <Coords points="2454,4584 2846,4590 2850,4549 2846,4502 2761,4502 2754,4498 2740,4485 2740,4481 2737,4481 2734,4481 2730,4481 2665,4495 2638,4502 2607,4495 2563,4481 2560,4481 2556,4481 2553,4481 2525,4491 2498,4502 2457,4491 2454,4549 2454,4584"/>
                <Baseline points="2454,4549 2850,4549"/>
                <TextEquiv>
                    <Unicode>als den</Unicode>
                </TextEquiv>
            </TextLine>
            <TextLine id="eSc_line_8d0818f2" custom="readingOrder {index:26;} structure {type:default;}">
                <Coords points="2805,4553 2802,4553 2798,4553 2781,4556 2628,4587 2597,4563 2594,4560 2590,4560 2587,4560 2583,4560 2580,4560 2577,4560 2570,4567 2542,4584 2498,4570 2461,4556 2457,4556 2454,4556 2348,4560 2344,4560 2341,4560 2314,4577 2269,4604 2242,4580 2222,4563 2218,4563 2215,4563 2150,4563 2146,4563 2143,4563 2140,4563 2140,4567 2116,4587 2095,4611 1798,4614 1785,4604 1761,4580 1761,4577 1757,4577 1754,4577 1689,4577 1686,4577 1682,4577 1679,4577 1631,4611 1628,4611 1515,4621 1505,4618 1437,4580 1433,4580 1430,4580 1426,4580 1423,4580 1423,4584 1385,4621 1385,4625 1297,4625 1300,4683 1300,4703 1457,4727 1460,4727 1580,4700 1587,4700 1594,4700 1696,4713 1699,4713 1703,4713 1733,4696 1744,4693 1764,4696 1850,4713 1853,4713 1856,4713 1860,4713 1860,4710 1877,4696 1911,4724 1914,4724 1918,4724 1921,4727 2010,4727 2010,4724 2013,4724 2017,4724 2017,4720 2044,4696 2061,4706 2065,4706 2068,4706 2071,4706 2075,4706 2126,4689 2153,4683 2181,4689 2290,4717 2293,4717 2297,4717 2300,4717 2372,4686 2375,4686 2433,4706 2437,4706 2440,4706 2583,4683 2645,4672 2672,4683 2734,4703 2737,4703 2740,4706 2863,4706 2863,4703 2867,4703 2870,4703 2901,4676 2904,4676 2955,4676 2959,4676 2983,4696 2983,4700 2986,4700 2990,4700 2993,4700 3133,4696 3136,4696 3140,4696 3140,4693 3143,4693 3153,4679 3153,4638 3143,4539 3017,4546 3013,4546 3010,4546 2962,4590 2850,4590 2809,4556 2809,4553 2805,4553"/>
                <Baseline points="1300,4683 3153,4638"/>
                <TextEquiv>
                    <Unicode>Den Pinienapfel ſtatt des Kopfs.</Unicode>
                </TextEquiv>
            </TextLine>
            <TextLine id="eSc_line_7dab4e15" custom="readingOrder {index:27;} structure {type:default;}">
                <Coords points="1336,4817 1331,4848 1474,4879 1479,4879 1484,4879 1546,4853 1556,4848 1571,4853 1638,4884 1643,4884 1648,4889 1889,4889 1889,4884 1894,4884 1899,4884 1899,4879 1920,4858 1925,4858 2380,4864 2380,4869 2406,4889 2406,4894 2411,4894 2416,4894 2421,4894 2426,4894 2524,4869 2539,4869 2554,4869 2698,4899 2703,4899 2708,4899 2713,4899 2749,4874 2759,4869 2795,4874 2944,4904 2949,4904 3179,4879 3184,4848 3184,4756 3092,4710 3087,4710 3082,4710 3077,4710 2984,4756 2974,4761 2606,4761 2590,4751 2498,4700 2493,4700 2252,4695 2247,4695 2242,4695 2073,4741 1950,4741 1899,4700 1894,4700 1889,4700 1884,4700 1669,4736 1648,4741 1643,4736 1571,4684 1566,4684 1561,4684 1556,4684 1551,4684 1443,4736 1438,4736 1336,4736 1336,4817"/>
                <Baseline points="1338,4819 3189,4849"/>
                <TextEquiv>
                    <Unicode>Wo will’s hinaus? Noch eine Dicke,</Unicode>
                </TextEquiv>
            </TextLine>
            <TextLine id="eSc_line_fed64d3c" custom="readingOrder {index:28;} structure {type:default;}">
                <Coords points="1252,4986 1259,5051 1310,5021 1658,5021 1693,5051 1713,5072 1713,5075 1716,5075 1720,5075 1723,5075 1727,5075 1792,5051 1894,5017 1931,5051 1952,5068 1952,5072 1955,5072 1959,5072 1962,5075 2007,5075 2007,5072 2010,5072 2051,5055 2112,5024 2164,5038 2167,5038 2170,5038 2174,5038 2225,5021 2256,5041 2259,5041 2263,5041 2266,5041 2269,5041 2321,5017 2365,5021 2399,5055 2413,5065 2413,5068 2416,5068 2420,5068 2423,5072 2474,5072 2474,5068 2478,5068 2512,5055 2604,5014 2641,5044 2645,5044 2648,5044 2652,5044 2655,5044 2699,5024 2727,5055 2737,5061 2737,5065 2740,5065 2744,5065 2747,5065 2795,5055 2833,5048 2843,5055 2853,5065 2856,5065 2860,5065 2863,5065 3150,5055 3153,4973 3150,4925 3072,4891 3068,4891 3065,4891 2925,4925 2829,4925 2809,4904 2809,4901 2805,4901 2802,4901 2798,4901 2689,4922 2628,4894 2624,4894 2621,4894 2618,4894 2539,4928 2461,4928 2406,4894 2402,4894 2399,4894 2396,4894 2392,4894 2286,4925 2119,4898 2116,4898 2112,4898 2041,4928 1805,4898 1802,4898 1798,4898 1795,4898 1757,4928 1624,4901 1621,4901 1617,4901 1614,4901 1614,4904 1583,4932 1334,4901 1331,4901 1327,4901 1324,4901 1324,4904 1293,4935 1249,4935 1252,4986"/>
                <Baseline points="1252,4986 3153,4973"/>
                <TextEquiv>
                    <Unicode>An der ich mich vielleicht erquicke;</Unicode>
                </TextEquiv>
            </TextLine>
        </TextRegion>
    </Page>
</PcGts>
