<?xml version="1.0" encoding="UTF-8" standalone="yes"?>
<PcGts xmlns="http://schema.primaresearch.org/PAGE/gts/pagecontent/2013-07-15" xmlns:xsi="http://www.w3.org/2001/XMLSchema-instance" xsi:schemaLocation="http://schema.primaresearch.org/PAGE/gts/pagecontent/2013-07-15 http://schema.primaresearch.org/PAGE/gts/pagecontent/2013-07-15/pagecontent.xsd">
    <Metadata>
        <Creator>escriptorium</Creator>
        <Created>2023-08-01T09:33:06</Created>
        <LastChange>2023-08-01T11:49:13.344+02:00</LastChange>
        <Comments></Comments>
        <TranskribusMetadata docId="1517807" pageId="58303073" pageNr="45" tsid="131663805" status="IN_PROGRESS" userId="99551" imgUrl="https://files.transkribus.eu/Get?id=QLVUTSWFUCSRDYUICPAVVQPR&amp;fileType=view" xmlUrl="https://files.transkribus.eu/Get?id=SUMUTIQYGJEAXDYGYBVSAESH" imageId="47225156"/>
    </Metadata>
    <Page imageFilename="391247_0057_0.jpg" imageWidth="4096" imageHeight="6144">
        <ReadingOrder>
            <OrderedGroup id="ro_1690883610103" caption="Regions reading order">
                <RegionRefIndexed index="0" regionRef="eSc_textblock_5e076ebd"/>
            </OrderedGroup>
        </ReadingOrder>
        <TextRegion id="eSc_textblock_5e076ebd" custom="readingOrder {index:0;} structure {type:text;}">
            <Coords points="1955,791 3218,805 3287,860 3273,1334 3328,1607 3437,1706 3450,2358 3409,2426 3287,2457 3054,2891 3218,3031 3396,3710 3355,3792 3123,3877 3054,4078 3287,4287 3300,4406 3164,4546 3136,4720 3205,4898 3409,5092 3355,5212 1419,5198 1187,5171 1119,5116 1051,2102 1064,1843 1133,1665 1092,1594 1064,914 1133,819 1955,791"/>
            <TextLine id="eSc_line_a0001c99" custom="readingOrder {index:0;} structure {type:default;}">
                <Coords points="3215,808 3164,803 3153,803 3051,819 2959,803 2908,803 2856,803 2805,803 2769,798 2718,819 2672,803 2657,798 2652,798 2621,798 2611,803 2590,824 2519,808 2472,798 2447,798 2396,798 2391,793 2365,808 2324,824 2186,814 1991,798 1986,798 1981,798 1976,798 1945,819 1920,834 1761,834 1730,824 1633,798 1628,798 1582,798 1546,829 1536,834 1489,829 1346,808 1320,808 1269,814 1218,814 1203,814 1121,829 1116,834 1075,885 1070,926 1070,967 1320,998 1326,998 1530,972 1597,998 1602,998 1607,998 2324,952 2360,952 2432,988 2437,988 2442,988 2631,957 2677,988 2682,988 2688,988 2693,988 3240,936 3240,906 3225,819 3215,808"/>
                <Baseline points="1075,931 3243,911"/>
                <TextEquiv>
                    <Unicode>Welch ein Gepraſſel! Welch ein Ziſchen!</Unicode>
                </TextEquiv>
            </TextLine>
            <TextLine id="eSc_line_965c9f22" custom="readingOrder {index:1;} structure {type:default;}">
                <Coords points="1105,1095 1111,1172 1223,1136 1315,1167 1320,1167 1326,1167 1331,1167 1336,1167 1351,1167 1484,1131 1704,1131 1735,1152 1745,1162 1751,1162 1756,1162 1761,1162 1766,1162 1771,1162 1792,1146 1827,1126 1986,1141 2170,1157 2176,1157 2181,1157 2242,1131 2278,1111 2442,1111 2488,1121 2580,1146 2585,1146 2590,1146 2595,1146 2703,1116 2933,1141 2938,1141 2944,1141 2949,1141 2990,1105 3251,1090 3251,1054 3235,957 3072,983 3025,962 2984,942 2979,942 2974,942 2969,942 2887,967 2810,993 2652,993 2631,977 2626,972 2626,967 2621,967 2616,967 2611,967 2529,977 2437,993 2416,983 2365,957 2360,957 2355,957 2350,957 2222,988 2160,1003 2114,993 1971,962 1966,962 1960,962 1889,998 1873,1008 1843,1003 1725,977 1720,977 1715,977 1623,1008 1607,1013 1597,1008 1484,972 1479,972 1474,972 1469,972 1356,1003 1223,977 1218,977 1213,977 1100,1018 1105,1095"/>
                <Baseline points="1109,1099 3252,1058"/>
                <TextEquiv>
                    <Unicode>Ein Donnern, Windgethüm dazwiſchen!</Unicode>
                </TextEquiv>
            </TextLine>
            <TextLine id="eSc_line_65feb04f" custom="readingOrder {index:2;} structure {type:default;}">
                <Coords points="1092,1269 1092,1290 1314,1297 1358,1334 1361,1334 1365,1334 1368,1338 1416,1338 1416,1334 1696,1324 1699,1324 1703,1324 1703,1320 1754,1273 1754,1269 1873,1269 1918,1307 1921,1307 1925,1307 1928,1307 2024,1286 2054,1314 2058,1314 2061,1314 2065,1314 2157,1310 2160,1310 2164,1310 2211,1269 2283,1259 2484,1266 2488,1266 2570,1249 2590,1266 2590,1269 2594,1269 2597,1269 2600,1269 2652,1259 2744,1290 2747,1290 2751,1290 2754,1290 2839,1252 2897,1269 2901,1269 2904,1269 2908,1269 2973,1239 3143,1228 3143,1204 3126,1112 3102,1133 3065,1116 3061,1116 3058,1116 3054,1116 3051,1116 3048,1116 3048,1119 3010,1157 2932,1122 2921,1119 2918,1119 2914,1119 2631,1129 2628,1129 2624,1129 2614,1140 2573,1167 2546,1146 2546,1143 2542,1143 2539,1143 2536,1143 2532,1143 2529,1143 2478,1177 2286,1177 2252,1157 2239,1146 2235,1146 2232,1146 2164,1143 2160,1143 2157,1143 2088,1163 2024,1184 1996,1167 1966,1153 1962,1153 1959,1153 1955,1153 1952,1153 1928,1170 1901,1194 1658,1198 1604,1187 1518,1170 1515,1170 1512,1170 1508,1170 1474,1194 1454,1208 1338,1208 1324,1201 1290,1174 1286,1174 1283,1174 1218,1174 1215,1174 1211,1174 1208,1174 1208,1177 1204,1177 1181,1208 1174,1215 1088,1215 1092,1269"/>
                <Baseline points="1092,1269 3143,1204"/>
                <TextEquiv>
                    <Unicode>Demüthig zu des Thrones Stufen!</Unicode>
                </TextEquiv>
            </TextLine>
            <TextLine id="eSc_line_6e6f4118" custom="readingOrder {index:3;} structure {type:default;}">
                <Coords points="1112,1423 1112,1471 1204,1457 1221,1471 1256,1501 1259,1501 1262,1501 1266,1501 1382,1498 1385,1498 1389,1498 1409,1481 1426,1498 1430,1498 1433,1498 1437,1498 1505,1495 1508,1495 1512,1495 1512,1491 1546,1457 1559,1447 1576,1457 1621,1491 1624,1491 1628,1491 1631,1491 1839,1484 1843,1484 1846,1484 1867,1464 1931,1481 1935,1481 1938,1481 1942,1481 1945,1481 1945,1477 1979,1440 1986,1437 2065,1437 2167,1440 2170,1440 2174,1440 2198,1433 2225,1423 2242,1430 2321,1471 2324,1471 2327,1471 2331,1471 2334,1471 2409,1423 2505,1423 2539,1450 2539,1454 2542,1454 2546,1454 2549,1454 2553,1454 2556,1454 2597,1423 2611,1433 2614,1433 2618,1433 2621,1433 2624,1433 2693,1413 2710,1409 2713,1413 2771,1450 2775,1450 2778,1450 2781,1450 2785,1450 2870,1406 2884,1399 3099,1396 3102,1361 3095,1283 3082,1273 3078,1273 3075,1273 3072,1273 3068,1273 3065,1273 3065,1276 3051,1290 3034,1307 2979,1310 2959,1293 2945,1280 2945,1276 2942,1276 2938,1276 2775,1276 2771,1276 2768,1276 2764,1276 2764,1280 2744,1300 2727,1320 2542,1324 2519,1310 2491,1286 2488,1286 2484,1286 2481,1286 2478,1286 2474,1286 2433,1314 2409,1327 2368,1314 2338,1307 2334,1307 2331,1307 2266,1317 2191,1334 2170,1324 2146,1310 2143,1310 2140,1310 2136,1310 2085,1327 2048,1338 2037,1327 2024,1317 2024,1314 2020,1314 2017,1314 2013,1314 2010,1314 2007,1314 2007,1317 1993,1331 1983,1341 1949,1331 1856,1307 1853,1307 1850,1307 1846,1307 1747,1334 1703,1310 1699,1310 1696,1310 1693,1310 1621,1344 1611,1348 1597,1344 1532,1327 1529,1327 1525,1327 1522,1327 1518,1327 1518,1331 1498,1348 1491,1358 1416,1358 1409,1351 1344,1320 1341,1320 1338,1320 1225,1324 1221,1324 1218,1324 1218,1327 1181,1361 1109,1361 1112,1423"/>
                <Baseline points="1112,1423 3102,1361"/>
                <TextEquiv>
                    <Unicode>Verzeiht! Ich hab es hergerufen.</Unicode>
                </TextEquiv>
            </TextLine>
            <TextLine id="eSc_line_637c4d32" custom="readingOrder {index:4;} structure {type:default;}">
                <Coords points="1679,1602 1684,1684 1848,1638 1950,1664 1976,1669 1981,1669 1986,1669 1991,1669 1996,1669 1996,1664 2007,1658 2037,1628 2104,1648 2165,1669 2170,1669 2176,1669 2181,1669 2237,1643 2406,1653 2411,1653 2416,1653 2478,1617 2524,1597 2611,1597 2626,1607 2657,1633 2662,1633 2667,1633 2672,1633 3153,1607 3159,1607 3164,1607 3164,1602 3169,1602 3205,1556 3251,1556 3251,1505 3235,1392 2688,1448 2626,1438 2503,1418 2498,1418 2493,1418 2391,1459 2375,1464 2360,1464 2278,1443 2273,1443 2268,1443 2263,1443 2263,1448 2237,1474 2227,1479 2196,1474 2042,1448 2037,1448 1879,1484 1817,1464 1812,1464 1807,1464 1802,1464 1669,1510 1679,1602"/>
                <Baseline points="1681,1605 3256,1508"/>
                <TextEquiv>
                    <Unicode>/: Wirft ſich aufs Angeſicht :/</Unicode>
                </TextEquiv>
            </TextLine>
            <TextLine id="eSc_line_8a10d02f" custom="readingOrder {index:5;} structure {type:default;}">
                <Coords points="1778,1733 1778,1812 2000,1788 2034,1795 2095,1809 2099,1809 2102,1809 2160,1785 2160,1733 2157,1655 2041,1662 2017,1658 1945,1641 1942,1641 1938,1641 1880,1662 1877,1662 1822,1641 1819,1641 1815,1641 1812,1641 1809,1641 1778,1658 1778,1733"/>
                <Baseline points="1778,1733 2160,1733"/>
                <TextEquiv>
                    <Unicode>Thales.</Unicode>
                </TextEquiv>
            </TextLine>
            <TextLine id="eSc_line_f0210a33" custom="readingOrder {index:6;} structure {type:default;}">
                <Coords points="1075,1797 1080,1879 1080,1920 1541,1940 1546,1940 1551,1940 1628,1914 1684,1894 1735,1909 1802,1930 1807,1930 1812,1930 1966,1904 2083,1889 2135,1904 2211,1930 2216,1930 2222,1930 2227,1930 2232,1930 2263,1899 2278,1889 2314,1899 2344,1909 2350,1909 2355,1909 2437,1899 2529,1884 2575,1894 2652,1920 2657,1920 2662,1920 2667,1920 2759,1894 2826,1873 3010,1873 3041,1889 3097,1914 3102,1914 3107,1914 3399,1879 3404,1838 3394,1730 3112,1710 3107,1710 2979,1735 2913,1751 2882,1740 2826,1715 2821,1715 2816,1715 2524,1720 2519,1720 2442,1751 2396,1766 2339,1751 2268,1730 2263,1730 2257,1730 2252,1730 2247,1730 2216,1756 2191,1771 1832,1761 1546,1756 1541,1756 1469,1771 1413,1781 1367,1771 1239,1745 1233,1745 1228,1745 1223,1745 1223,1751 1192,1776 1182,1786 1080,1781 1075,1797"/>
                <Baseline points="1085,1884 3406,1843"/>
                <TextEquiv>
                    <Unicode>Was dieſer Mann nicht alles hört und ſah,</Unicode>
                </TextEquiv>
            </TextLine>
            <TextLine id="eSc_line_af706517" custom="readingOrder {index:7;} structure {type:default;}">
                <Coords points="1080,2032 1080,2119 1213,2114 1218,2114 1223,2114 1274,2073 1433,2109 1469,2114 1474,2114 1479,2114 1484,2114 1489,2104 1541,2063 1597,2104 1607,2109 1612,2109 1617,2109 1623,2114 1715,2114 1715,2109 1720,2109 1725,2109 1740,2099 1792,2063 1904,2088 1966,2104 1971,2104 1976,2104 2012,2088 2068,2058 2196,2078 2232,2083 2237,2083 2242,2083 2247,2083 2247,2078 2252,2078 2273,2053 2467,2053 2498,2068 2544,2099 2549,2099 2554,2099 2560,2104 2672,2104 2672,2099 2677,2099 2682,2099 2682,2094 2718,2058 2723,2058 2821,2094 2826,2094 2831,2094 2836,2094 2841,2094 2841,2088 2882,2053 2892,2048 2913,2053 3031,2083 3036,2083 3041,2083 3046,2083 3159,2042 3159,2007 3148,1920 2867,1894 2862,1894 2708,1925 2672,1930 2641,1925 2472,1899 2467,1899 2462,1899 2457,1899 2416,1930 2334,1909 2329,1909 2324,1909 2206,1935 2196,1935 2191,1935 2104,1904 2099,1904 2094,1904 2088,1904 2012,1940 2001,1940 1633,1940 1576,1914 1571,1914 1566,1914 1315,1945 1172,1914 1167,1914 1162,1914 1075,1945 1080,2032"/>
                <Baseline points="1082,2034 3161,2008"/>
                <TextEquiv>
                    <Unicode>Ich weis nicht recht wie uns geſchah;</Unicode>
                </TextEquiv>
            </TextLine>
            <TextLine id="eSc_line_b00c37ff" custom="readingOrder {index:8;} structure {type:default;}">
                <Coords points="1064,2208 1064,2235 1181,2280 1184,2280 1187,2283 1283,2283 1283,2280 1396,2276 1399,2276 1402,2276 1460,2232 1611,2269 1614,2269 1617,2269 1621,2269 1774,2218 1931,2259 1935,2259 1938,2259 1942,2259 1945,2259 1996,2215 2208,2208 2273,2249 2276,2249 2280,2249 2283,2249 2344,2245 2348,2245 2351,2245 2416,2198 2553,2194 2556,2194 2607,2239 2611,2239 2614,2239 2618,2239 2727,2235 2798,2228 2802,2228 2805,2228 2870,2184 2874,2181 3106,2177 3109,2177 3157,2194 3160,2194 3164,2194 3283,2170 3283,2140 3276,2082 2945,2061 2942,2061 2938,2061 2843,2095 2819,2106 2594,2109 2563,2106 2443,2082 2440,2082 2437,2082 2382,2109 2372,2116 2362,2112 2317,2082 2314,2082 2310,2082 2307,2082 2304,2082 2300,2082 2300,2085 2266,2116 2259,2123 2164,2123 2129,2119 1949,2092 1945,2092 1942,2092 1938,2092 1884,2126 1880,2129 1870,2126 1764,2099 1761,2099 1757,2099 1754,2099 1686,2133 1679,2136 1665,2133 1505,2106 1501,2106 1498,2106 1495,2106 1454,2143 1447,2143 1341,2112 1338,2112 1334,2112 1181,2116 1177,2116 1174,2116 1122,2153 1061,2153 1064,2208"/>
                <Baseline points="1064,2208 3283,2140"/>
                <TextEquiv>
                    <Unicode>Auch hab ich’s nicht mit ihm empfunden</Unicode>
                </TextEquiv>
            </TextLine>
            <TextLine id="eSc_line_46e3ed60" custom="readingOrder {index:9;} structure {type:default;}">
                <Coords points="1111,2350 1121,2452 1187,2401 1377,2442 1387,2442 1392,2442 1397,2442 1402,2442 1402,2437 1448,2396 1556,2406 1561,2406 1566,2406 1571,2406 1571,2401 1576,2401 1592,2380 1710,2411 1715,2411 1720,2411 1725,2411 1786,2396 1827,2426 1832,2432 1838,2432 1843,2432 1848,2432 1853,2432 1868,2426 1950,2391 2007,2421 2027,2432 2032,2432 2037,2432 2042,2432 2048,2432 2068,2416 2145,2370 2288,2365 2380,2406 2401,2416 2406,2416 2411,2416 2416,2416 2452,2406 2590,2360 2672,2396 2713,2416 2718,2416 2723,2416 2949,2411 2954,2411 2959,2411 2984,2385 3031,2350 3425,2370 3435,2298 3425,2216 3097,2196 3092,2196 3087,2196 2990,2227 2949,2237 2908,2227 2769,2201 2764,2201 2759,2201 2682,2237 2662,2247 2457,2247 2442,2242 2385,2211 2380,2211 2375,2211 2370,2211 2283,2247 2268,2252 2257,2247 2196,2216 2191,2216 2186,2216 2181,2216 2176,2216 2129,2247 2068,2227 2063,2227 2058,2227 1587,2268 1556,2268 1551,2268 1515,2242 1510,2242 1505,2242 1500,2242 1495,2242 1489,2242 1459,2263 1423,2237 1423,2232 1418,2232 1413,2232 1408,2232 1402,2232 1397,2232 1331,2273 1326,2278 1105,2278 1111,2350"/>
                <Baseline points="1112,2351 3437,2301"/>
                <TextEquiv>
                    <Unicode>Geſtehen wir, es, ſind verrückte Stunden,</Unicode>
                </TextEquiv>
            </TextLine>
            <TextLine id="eSc_line_474829bf" custom="readingOrder {index:10;} structure {type:default;}">
                <Coords points="1111,2503 1111,2549 1413,2534 1459,2544 1551,2570 1556,2570 1561,2570 1710,2539 1745,2534 1771,2539 1873,2570 1879,2570 1884,2570 2042,2549 2104,2590 2109,2590 2114,2590 2119,2595 2600,2595 2600,2590 2606,2590 2611,2590 2611,2585 2688,2519 2693,2519 2754,2519 2775,2519 2836,2580 2836,2585 2841,2585 2846,2585 2851,2585 2856,2585 2862,2585 2938,2519 3200,2508 3200,2472 3184,2406 2800,2421 2785,2411 2759,2391 2759,2385 2754,2385 2749,2385 2744,2385 2739,2385 2734,2385 2698,2411 2677,2426 2416,2426 2375,2416 2273,2391 2268,2391 2263,2391 2257,2391 2252,2391 2211,2421 2201,2426 2186,2421 2135,2401 2129,2401 2124,2401 2119,2401 2073,2421 2053,2437 1843,2437 1832,2426 1797,2396 1792,2396 1786,2396 1602,2396 1597,2396 1310,2432 1203,2406 1198,2406 1192,2406 1187,2406 1105,2437 1111,2503"/>
                <Baseline points="1112,2508 2641,2495 3201,2478"/>
                <TextEquiv>
                    <Unicode>Und Luna wiegt ſich ganz bequem</Unicode>
                </TextEquiv>
            </TextLine>
            <TextLine id="eSc_line_de80be8f" custom="readingOrder {index:11;} structure {type:default;}">
                <Coords points="1099,2652 1095,2679 1174,2682 1242,2737 1245,2737 1249,2737 1252,2740 1344,2740 1344,2737 1348,2737 1351,2737 1419,2689 1611,2737 1614,2737 1617,2740 1740,2740 1740,2737 1744,2737 1747,2737 1781,2713 1846,2737 1850,2737 1853,2740 2082,2740 2082,2737 2085,2737 2174,2689 2177,2689 2365,2713 2368,2713 2478,2689 2488,2689 2495,2689 2563,2713 2566,2713 2570,2713 2573,2713 2641,2693 2652,2689 2655,2693 2686,2717 2689,2717 2693,2717 2696,2717 2812,2693 2836,2689 3051,2693 3058,2658 3054,2614 2955,2607 2925,2577 2925,2573 2921,2573 2918,2573 2914,2573 2911,2573 2798,2611 2795,2614 2242,2614 2235,2607 2187,2583 2184,2583 2181,2583 2177,2583 2116,2607 2112,2611 2109,2607 2061,2570 2058,2570 2054,2570 2051,2570 2048,2570 1969,2594 1931,2570 1928,2570 1925,2570 1802,2570 1798,2570 1795,2570 1792,2570 1751,2607 1747,2607 1733,2607 1597,2590 1594,2590 1590,2590 1542,2607 1539,2607 1536,2607 1501,2573 1501,2570 1498,2570 1495,2570 1447,2570 1443,2570 1440,2570 1368,2604 1361,2607 1358,2604 1280,2570 1276,2570 1163,2570 1160,2570 1157,2570 1099,2597 1099,2652"/>
                <Baseline points="1099,2652 3058,2658"/>
                <TextEquiv>
                    <Unicode>An ihrem Platz ſo wie vordem.</Unicode>
                </TextEquiv>
            </TextLine>
            <TextLine id="eSc_line_38f11d43" custom="readingOrder {index:12;} structure {type:default;}">
                <Coords points="1815,2850 1815,2918 1904,2918 1904,2914 1908,2914 1911,2914 1911,2911 1921,2904 1952,2870 2020,2867 2123,2884 2140,2884 2143,2884 2266,2867 2280,2867 2351,2894 2355,2894 2358,2894 2362,2894 2365,2894 2406,2856 2406,2839 2399,2757 2348,2757 2344,2757 2341,2757 2338,2757 2338,2761 2334,2761 2297,2798 2112,2798 2061,2798 2048,2785 2020,2757 2020,2754 2017,2754 2013,2754 2010,2754 1908,2757 1904,2757 1901,2757 1901,2761 1860,2798 1812,2802 1815,2850"/>
                <Baseline points="1815,2850 2406,2839"/>
                <TextEquiv>
                    <Unicode>Homunk.</Unicode>
                </TextEquiv>
            </TextLine>
            <TextLine id="eSc_line_0897fa96" custom="readingOrder {index:13;} structure {type:default;}">
                <Coords points="1095,3003 1095,3072 1232,3072 1232,3068 1235,3068 1239,3068 1242,3061 1280,3034 1392,3041 1396,3041 1399,3041 1460,3017 1542,3044 1546,3044 1549,3044 1553,3044 1686,3010 1751,3037 1788,3054 1792,3054 1795,3054 1890,3051 1894,3051 1897,3051 1925,3031 1966,3003 2010,3003 2044,3024 2068,3041 2071,3041 2075,3041 2078,3041 2187,3027 2242,3044 2245,3044 2249,3044 2252,3044 2256,3044 2300,3010 2304,3007 2406,2993 2495,3003 2583,3010 2587,3010 2590,3010 2594,3010 2594,3007 2597,3007 2604,2996 2611,2990 2665,2990 2682,2993 2819,3031 2822,3031 2826,3031 2829,3031 2880,3010 2908,3020 2911,3020 2914,3020 2918,3020 2921,3020 2973,2979 2973,2959 2966,2901 2816,2870 2812,2870 2597,2908 2519,2921 2344,2921 2321,2911 2273,2887 2269,2887 2266,2887 2263,2887 2174,2914 2136,2925 2099,2914 2030,2894 2027,2894 2024,2894 2020,2894 2017,2894 2017,2897 1996,2914 1914,2908 1911,2908 1908,2908 1863,2918 1802,2935 1781,2921 1778,2918 1774,2918 1771,2918 1768,2918 1764,2918 1751,2921 1706,2935 1675,2921 1624,2901 1621,2901 1617,2901 1505,2925 1430,2945 1368,2945 1331,2928 1280,2908 1276,2908 1273,2908 1092,2932 1095,3003"/>
                <Baseline points="1095,3003 2973,2959"/>
                <TextEquiv>
                    <Unicode>Schaut hin nach der Pymäen Sitz,</Unicode>
                </TextEquiv>
            </TextLine>
            <TextLine id="eSc_line_25ce7f47" custom="readingOrder {index:14;} structure {type:default;}">
                <Coords points="1116,3150 1116,3177 1266,3198 1269,3198 1273,3198 1341,3177 1447,3218 1450,3218 1454,3222 1583,3222 1583,3218 1587,3218 1590,3218 1641,3174 1744,3188 1747,3188 1751,3188 1754,3188 1781,3170 1788,3167 1795,3170 1877,3198 1880,3198 1884,3198 1887,3198 1890,3198 1890,3194 1921,3167 1928,3164 1942,3167 2007,3184 2010,3184 2013,3184 2017,3184 2068,3167 2088,3160 2106,3167 2222,3205 2225,3205 2228,3205 2402,3198 2406,3198 2409,3198 2464,3160 2478,3150 2798,3147 2812,3157 2850,3191 2853,3191 2856,3191 2860,3191 2863,3191 2867,3191 2891,3170 2911,3188 2914,3188 2918,3188 2921,3188 3106,3184 3109,3184 3112,3184 3150,3150 3157,3143 3177,3150 3184,3106 3170,3013 3102,3037 3082,3017 3075,3013 3075,3010 3072,3010 3068,3010 3065,3010 2990,3013 2986,3013 2983,3013 2973,3020 2914,3065 2860,3065 2795,3065 2740,3031 2717,3017 2713,3017 2710,3017 2706,3017 2703,3017 2699,3017 2672,3034 2618,3068 2549,3041 2532,3034 2529,3034 2525,3034 2522,3034 2491,3044 2382,3078 2297,3078 2269,3051 2239,3027 2235,3027 2232,3027 2228,3027 2140,3031 2136,3031 2041,3061 1986,3082 1955,3068 1952,3065 1949,3065 1945,3065 1901,3068 1751,3089 1723,3078 1669,3054 1665,3054 1662,3054 1658,3054 1597,3072 1566,3048 1566,3044 1563,3044 1559,3044 1440,3044 1437,3044 1433,3044 1430,3044 1430,3048 1378,3092 1375,3095 1331,3095 1324,3095 1286,3061 1283,3061 1280,3061 1276,3061 1273,3061 1112,3102 1116,3150"/>
                <Baseline points="1116,3150 3184,3106"/>
                <TextEquiv>
                    <Unicode>Der Berg war rund jetzt iſt er ſpitz.</Unicode>
                </TextEquiv>
            </TextLine>
            <TextLine id="eSc_line_a3924800" custom="readingOrder {index:15;} structure {type:default;}">
                <Coords points="1133,3293 1133,3372 1365,3368 1368,3368 1372,3368 1378,3362 1419,3328 1556,3317 1631,3317 1696,3348 1713,3355 1716,3355 1720,3355 1723,3355 1744,3345 1754,3341 1781,3345 1918,3362 1921,3362 2017,3358 2020,3358 2024,3358 2058,3331 2071,3317 2170,3314 2194,3324 2222,3338 2225,3338 2228,3338 2232,3338 2297,3321 2327,3310 2338,3317 2372,3348 2372,3351 2375,3351 2379,3351 2382,3355 2420,3355 2420,3351 2423,3351 2505,3310 2522,3300 2737,3297 2747,3300 2795,3317 2798,3317 2802,3317 2911,3290 2911,3263 2901,3201 2846,3211 2833,3201 2819,3188 2819,3184 2816,3184 2812,3184 2747,3184 2744,3184 2740,3184 2672,3201 2631,3215 2618,3205 2604,3191 2604,3188 2600,3188 2597,3188 2512,3188 2508,3188 2505,3188 2501,3188 2478,3205 2457,3218 2406,3205 2399,3205 2396,3205 2392,3205 2375,3205 2283,3222 2263,3208 2249,3194 2245,3194 2242,3194 2239,3194 2235,3194 2198,3208 2164,3222 2133,3208 2123,3205 2119,3205 2116,3205 2092,3208 2020,3225 1979,3211 1949,3198 1945,3198 1942,3198 1938,3198 1908,3211 1867,3232 1652,3232 1607,3215 1597,3211 1594,3211 1590,3211 1587,3211 1576,3215 1518,3235 1457,3215 1426,3208 1423,3208 1419,3208 1372,3218 1276,3239 1242,3218 1232,3211 1228,3211 1225,3211 1221,3211 1129,3218 1133,3293"/>
                <Baseline points="1133,3293 2911,3263"/>
                <TextEquiv>
                    <Unicode>Ich ſpürt ein ungeheures Prallen,</Unicode>
                </TextEquiv>
            </TextLine>
            <TextLine id="eSc_line_b17d4970" custom="readingOrder {index:16;} structure {type:default;}">
                <Coords points="1119,3440 1119,3464 1198,3502 1201,3502 1204,3505 1293,3505 1293,3502 1474,3464 1573,3485 1576,3485 1703,3461 1781,3491 1785,3491 1788,3491 1792,3491 1795,3491 1795,3488 1829,3457 1890,3474 1894,3474 1897,3474 2044,3457 2078,3474 2082,3474 2085,3474 2181,3457 2235,3471 2239,3471 2242,3471 2358,3444 2467,3471 2471,3471 2474,3471 2478,3471 2481,3471 2508,3454 2689,3474 2693,3474 3222,3423 3222,3399 3211,3334 3116,3351 3092,3338 3078,3328 3075,3328 3072,3328 3068,3328 2897,3331 2894,3331 2863,3341 2819,3358 2717,3345 2672,3341 2669,3341 2665,3341 2662,3341 2655,3348 2635,3365 2515,3365 2454,3351 2396,3341 2392,3341 2310,3355 2245,3368 2146,3362 2000,3348 1996,3348 1993,3348 1989,3348 1989,3351 1972,3365 1959,3375 1925,3365 1904,3362 1901,3362 1897,3362 1788,3368 1638,3382 1600,3375 1522,3358 1518,3358 1409,3379 1382,3386 1375,3382 1358,3365 1355,3365 1351,3365 1348,3365 1344,3365 1303,3382 1293,3386 1280,3382 1194,3365 1191,3365 1187,3365 1116,3382 1119,3440"/>
                <Baseline points="1119,3440 3222,3399"/>
                <TextEquiv>
                    <Unicode>Der Fels war aus dem Mond gefallen,</Unicode>
                </TextEquiv>
            </TextLine>
            <TextLine id="eSc_line_7ee03369" custom="readingOrder {index:17;} structure {type:default;}">
                <Coords points="1126,3590 1129,3665 1218,3642 1262,3662 1273,3665 1276,3665 1280,3665 1331,3659 1406,3645 1419,3655 1426,3662 1430,3662 1433,3662 1437,3662 1440,3662 1443,3662 1457,3652 1525,3611 1764,3607 1822,3614 1843,3635 1863,3652 1863,3655 1867,3655 1870,3655 1873,3659 1935,3659 1935,3655 1938,3655 1942,3655 1976,3631 2017,3601 2187,3601 2235,3621 2307,3648 2310,3648 2314,3652 2402,3652 2402,3648 2406,3648 2409,3648 2447,3618 2505,3645 2508,3645 2512,3645 2515,3645 2587,3604 2590,3604 2658,3642 2662,3642 2665,3645 2761,3645 2761,3642 2764,3642 2874,3594 2874,3590 3044,3584 3044,3560 3034,3515 2785,3515 2744,3491 2740,3491 2737,3491 2641,3491 2638,3491 2635,3491 2560,3519 2440,3498 2437,3498 2433,3498 2375,3522 2191,3508 2187,3508 2109,3525 2037,3502 2034,3502 2030,3502 2027,3502 1969,3529 1843,3505 1839,3505 1836,3505 1754,3529 1563,3508 1559,3508 1556,3508 1553,3508 1529,3529 1290,3515 1286,3515 1283,3515 1280,3515 1280,3519 1259,3539 1211,3515 1208,3515 1204,3515 1201,3515 1122,3543 1126,3590"/>
                <Baseline points="1126,3590 3044,3560"/>
                <TextEquiv>
                    <Unicode>Gleich hat er, ohne nachzufragen</Unicode>
                </TextEquiv>
            </TextLine>
            <TextLine id="eSc_line_48727498" custom="readingOrder {index:18;} structure {type:default;}">
                <Coords points="1109,3741 1109,3781 1194,3819 1198,3819 1300,3822 1303,3822 1307,3822 1310,3822 1361,3778 1372,3775 1437,3778 1570,3788 1573,3788 1675,3775 1723,3771 1730,3775 1768,3809 1771,3809 1774,3809 1850,3816 1853,3816 1856,3816 1860,3816 1860,3812 1890,3785 1925,3799 1928,3799 1931,3799 1935,3799 2003,3778 2061,3812 2065,3812 2068,3812 2071,3812 2201,3809 2205,3809 2273,3778 2338,3809 2341,3809 2344,3809 2348,3809 2351,3809 2399,3768 2413,3761 2467,3761 2481,3768 2532,3805 2536,3805 2539,3805 2542,3805 2665,3802 2669,3802 2734,3764 2754,3758 2833,3758 2853,3764 2942,3799 2945,3799 2949,3802 3099,3802 3099,3799 3102,3799 3106,3799 3150,3761 3164,3751 3358,3758 3362,3710 3351,3648 3150,3659 3136,3652 3092,3618 3089,3618 3085,3618 2996,3618 2993,3618 2990,3618 2986,3618 2942,3655 2932,3665 2788,3665 2761,3659 2689,3635 2686,3635 2682,3635 2679,3635 2676,3635 2652,3652 2628,3635 2628,3631 2624,3631 2621,3631 2618,3631 2614,3631 2553,3662 2536,3672 2256,3672 2249,3669 2215,3638 2215,3635 2211,3635 2208,3635 2205,3635 2201,3635 2109,3672 2095,3676 2085,3672 2020,3631 2017,3631 2013,3631 2010,3631 2007,3631 2003,3631 1931,3676 1928,3676 1925,3676 1850,3638 1846,3638 1843,3638 1839,3638 1730,3665 1679,3635 1675,3635 1672,3635 1669,3635 1413,3638 1409,3638 1327,3682 1280,3642 1276,3642 1273,3642 1174,3642 1170,3642 1167,3642 1163,3642 1105,3679 1109,3741"/>
                <Baseline points="1109,3741 3362,3710"/>
                <TextEquiv>
                    <Unicode>So Freund als Feind gequetſch, erſchlagen.</Unicode>
                </TextEquiv>
            </TextLine>
            <TextLine id="eSc_line_55f7db50" custom="readingOrder {index:19;} structure {type:default;}">
                <Coords points="1102,3891 1102,3925 1150,3925 1201,3962 1204,3962 1208,3962 1211,3966 1300,3966 1300,3962 1303,3962 1392,3925 1460,3962 1464,3962 1467,3962 1471,3962 1566,3925 1617,3959 1621,3959 1624,3959 1628,3962 1815,3962 1815,3959 1819,3959 1822,3959 1880,3918 1925,3956 1928,3956 1931,3956 1935,3959 1986,3959 1986,3956 1989,3956 1993,3956 2041,3915 2044,3915 2048,3915 2222,3932 2225,3932 2310,3915 2344,3942 2348,3942 2351,3942 2355,3942 2358,3942 2481,3911 2484,3911 2839,3932 2843,3932 2846,3932 2942,3904 2942,3874 2935,3819 2689,3792 2686,3792 2682,3792 2628,3819 2624,3819 2495,3795 2491,3795 2488,3795 2423,3819 2375,3795 2372,3795 2368,3795 2365,3795 2362,3795 2327,3822 2324,3822 2321,3822 2266,3795 2263,3795 2259,3795 2170,3799 2167,3799 2164,3799 2129,3822 2123,3826 2112,3822 2058,3799 2054,3799 2051,3799 2048,3799 1955,3822 1921,3799 1918,3799 1914,3799 1911,3799 1908,3799 1829,3822 1809,3805 1809,3802 1805,3802 1802,3802 1798,3802 1795,3802 1737,3822 1556,3802 1553,3802 1549,3802 1477,3826 1454,3836 1283,3836 1273,3826 1245,3805 1242,3805 1239,3805 1235,3805 1232,3805 1228,3805 1198,3826 1184,3833 1099,3829 1102,3891"/>
                <Baseline points="1102,3891 2942,3874"/>
                <TextEquiv>
                    <Unicode>Doch muß ich ſolche Künſte loben</Unicode>
                </TextEquiv>
            </TextLine>
            <TextLine id="eSc_line_2807cf65" custom="readingOrder {index:20;} structure {type:default;}">
                <Coords points="1112,4044 1112,4072 1143,4092 1146,4092 1150,4092 1153,4092 1317,4089 1344,4109 1344,4113 1348,4113 1351,4113 1355,4116 1600,4116 1600,4113 1604,4113 1607,4113 1652,4082 1733,4109 1737,4109 1740,4113 1901,4113 1901,4109 1904,4109 1908,4109 1972,4065 1976,4065 2150,4065 2300,4065 2399,4089 2402,4089 2406,4089 2409,4089 2413,4089 2447,4061 2505,4085 2508,4085 2512,4085 2515,4085 2580,4061 2628,4106 2631,4106 2635,4106 2638,4109 2696,4109 2696,4106 2699,4106 2703,4106 2757,4068 2880,4058 2884,4034 2877,3986 2474,3959 2471,3959 2467,3959 2464,3959 2464,3962 2437,3986 2102,3986 2068,3962 2065,3962 2061,3962 2058,3962 2054,3962 2007,3979 1901,3962 1897,3962 1894,3962 1890,3962 1863,3986 1819,3969 1815,3969 1812,3969 1809,3969 1737,3986 1706,3962 1703,3962 1699,3962 1696,3962 1693,3962 1631,3990 1447,3966 1443,3966 1440,3966 1437,3966 1413,3990 1317,3990 1221,3966 1218,3966 1215,3966 1211,3966 1109,3993 1112,4044"/>
                <Baseline points="1112,4044 2884,4034"/>
                <TextEquiv>
                    <Unicode>Die ſchöpferiſch, in einer Nacht,</Unicode>
                </TextEquiv>
            </TextLine>
            <TextLine id="eSc_line_87314494" custom="readingOrder {index:21;} structure {type:default;}">
                <Coords points="1116,4198 1121,4264 1218,4229 1530,4254 1612,4259 1617,4259 1623,4259 1628,4259 1633,4249 1664,4229 2181,4239 2897,4249 2903,4249 2908,4249 3005,4213 3005,4183 2990,4106 2524,4111 2503,4111 2370,4085 2365,4085 2155,4111 2119,4116 2099,4116 1991,4090 1986,4090 1981,4090 1930,4116 1925,4116 1899,4116 1617,4096 1612,4096 1495,4121 1489,4121 1454,4096 1448,4096 1443,4096 1438,4096 1244,4121 1187,4096 1182,4096 1177,4096 1172,4096 1111,4116 1116,4198"/>
                <Baseline points="1119,4199 3007,4188"/>
                <TextEquiv>
                    <Unicode>Zugleich von unten und von oben,</Unicode>
                </TextEquiv>
            </TextLine>
            <TextLine id="eSc_line_cd9dad8d" custom="readingOrder {index:22;} structure {type:default;}">
                <Coords points="1112,4334 1109,4358 1187,4382 1191,4382 1194,4382 1413,4365 1474,4403 1477,4403 1481,4403 1484,4403 1488,4403 1491,4403 1518,4379 1600,4420 1604,4420 1607,4423 1744,4423 1744,4420 1747,4420 1751,4420 1812,4375 1949,4372 2003,4379 2048,4420 2048,4423 2051,4423 2054,4423 2058,4427 2129,4427 2129,4423 2133,4423 2136,4423 2201,4372 2341,4372 2440,4386 2491,4427 2495,4427 2498,4427 2501,4430 2703,4430 2703,4427 2706,4427 2856,4379 2996,4430 3000,4430 3003,4430 3007,4430 3143,4382 3259,4375 3263,4352 3256,4290 3013,4304 2979,4287 2949,4273 2945,4273 2942,4273 2938,4273 2935,4273 2914,4287 2887,4304 2693,4304 2672,4287 2672,4283 2669,4283 2665,4283 2662,4283 2635,4287 2522,4300 2491,4283 2457,4266 2454,4266 2358,4263 2355,4263 2351,4263 2348,4263 2317,4283 2293,4300 2150,4300 2119,4283 2075,4263 2071,4263 1959,4259 1955,4259 1952,4259 1901,4283 1877,4293 1856,4283 1846,4273 1843,4273 1839,4273 1836,4273 1832,4273 1829,4273 1829,4276 1822,4283 1809,4297 1672,4297 1655,4280 1628,4259 1624,4259 1621,4259 1539,4256 1536,4256 1457,4259 1454,4259 1450,4259 1450,4263 1430,4280 1419,4290 1358,4290 1341,4280 1310,4259 1307,4259 1303,4259 1300,4259 1112,4276 1112,4334"/>
                <Baseline points="1112,4334 3263,4352"/>
                <TextEquiv>
                    <Unicode>Dies Berggebäu zu Stand gebracht.</Unicode>
                </TextEquiv>
            </TextLine>
            <TextLine id="eSc_line_8f0fb64f" custom="readingOrder {index:23;} structure {type:default;}">
                <Coords points="1850,4481 1846,4509 2269,4543 2276,4495 2276,4430 2140,4406 2136,4406 2133,4406 2082,4423 2075,4427 2071,4423 2051,4406 2051,4403 2048,4403 2044,4403 2041,4403 2037,4403 1983,4423 1976,4423 1976,4420 1952,4403 1952,4399 1949,4399 1945,4399 1942,4399 1850,4416 1850,4481"/>
                <Baseline points="1850,4481 2276,4495"/>
                <TextEquiv>
                    <Unicode>Thales.</Unicode>
                </TextEquiv>
            </TextLine>
            <TextLine id="eSc_line_4b00bfe8" custom="readingOrder {index:24;} structure {type:default;}">
                <Coords points="1131,4608 1126,4623 1295,4659 1300,4659 1510,4633 1597,4664 1602,4664 1607,4669 1848,4669 1848,4664 1853,4664 1858,4664 1858,4659 1884,4638 1889,4638 2135,4669 2140,4669 2145,4669 2206,4643 2211,4643 2288,4669 2293,4669 2298,4669 3015,4654 3020,4628 3020,4546 2984,4526 2979,4526 2974,4526 2969,4526 2652,4546 2554,4551 2539,4541 2478,4510 2472,4510 2467,4510 2462,4510 2411,4541 2396,4546 2350,4536 2237,4515 2232,4515 2150,4531 2073,4546 1966,4526 1848,4505 1843,4505 1771,4520 1684,4541 1638,4515 1607,4500 1602,4500 1505,4500 1500,4500 1495,4500 1489,4500 1489,4505 1479,4510 1454,4536 1131,4505 1131,4608"/>
                <Baseline points="1133,4608 3022,4633"/>
                <TextEquiv>
                    <Unicode>Sey ruhig! Es war nur gedacht.</Unicode>
                </TextEquiv>
            </TextLine>
            <TextLine id="eSc_line_0277e0d3" custom="readingOrder {index:25;} structure {type:default;}">
                <Coords points="1136,4720 1133,4754 1290,4768 1331,4802 1334,4802 1338,4802 1341,4802 1344,4802 1348,4802 1413,4758 1419,4754 1566,4758 1621,4758 1665,4802 1665,4805 1669,4805 1672,4805 1675,4809 1720,4809 1720,4805 1723,4805 1727,4805 1788,4758 1795,4754 1931,4754 1938,4758 2017,4809 2020,4809 2024,4809 2027,4812 2181,4812 2181,4809 2184,4809 2187,4809 2249,4761 2324,4812 2327,4812 2331,4812 2334,4816 2529,4816 2529,4812 2532,4812 2624,4761 2628,4761 2761,4792 2764,4792 2996,4761 3000,4737 2993,4666 2276,4686 2187,4686 2170,4669 2160,4662 2160,4659 2157,4659 2153,4659 2150,4659 2146,4659 2119,4669 2095,4679 2068,4669 2034,4655 2030,4655 2027,4655 2024,4655 1966,4669 1914,4683 1877,4669 1829,4652 1826,4652 1822,4652 1819,4652 1815,4652 1788,4669 1774,4679 1652,4679 1631,4672 1604,4659 1600,4659 1597,4659 1594,4659 1542,4672 1512,4679 1501,4672 1471,4648 1467,4648 1464,4648 1460,4648 1457,4648 1396,4672 1385,4676 1136,4676 1136,4720"/>
                <Baseline points="1136,4720 3000,4737"/>
                <TextEquiv>
                    <Unicode>Sie fahre hin die garſtige Brut</Unicode>
                </TextEquiv>
            </TextLine>
            <TextLine id="eSc_line_b97d5b5f" custom="readingOrder {index:26;} structure {type:default;}">
                <Coords points="1136,4836 1133,4860 1262,4911 1266,4911 1269,4911 1273,4911 1392,4870 1423,4894 1426,4894 1430,4894 1433,4894 1437,4894 1501,4877 1539,4901 1542,4901 1546,4901 1549,4901 1553,4901 1597,4877 1658,4922 1662,4922 1665,4922 1669,4925 1764,4925 1764,4922 1768,4922 1771,4922 1771,4918 1795,4898 1809,4908 1812,4908 1815,4908 1819,4908 1822,4908 1890,4884 2068,4911 2071,4911 2140,4898 2211,4935 2215,4935 2218,4935 2222,4935 2225,4935 2293,4894 2334,4918 2338,4918 2341,4918 2447,4904 2529,4932 2532,4932 2536,4932 2655,4911 2696,4945 2699,4945 2703,4945 2850,4952 2853,4952 2856,4952 2921,4922 3020,4935 3024,4935 3027,4935 3112,4911 3116,4887 3116,4826 2990,4795 2986,4795 2894,4816 2850,4792 2846,4792 2843,4792 2839,4792 2778,4819 2768,4823 2761,4816 2727,4788 2723,4788 2720,4788 2717,4788 2713,4788 2631,4816 2600,4823 2201,4816 2174,4805 2068,4771 2065,4771 2061,4771 1730,4795 1679,4799 1672,4795 1628,4761 1624,4761 1621,4761 1406,4754 1402,4754 1399,4754 1317,4788 1314,4788 1273,4751 1269,4751 1266,4751 1262,4751 1259,4751 1256,4751 1201,4785 1198,4785 1136,4785 1136,4836"/>
                <Baseline points="1136,4836 3116,4887"/>
                <TextEquiv>
                    <Unicode>Daß du nicht König warſt iſt gut.</Unicode>
                </TextEquiv>
            </TextLine>
            <TextLine id="eSc_line_c3254835" custom="readingOrder {index:27;} structure {type:default;}">
                <Coords points="1129,4980 1126,5007 1140,5021 1140,5024 1143,5024 1146,5024 1150,5024 1307,5014 1375,5034 1378,5034 1382,5034 1699,5017 2382,5051 2385,5051 2389,5051 2457,5031 2525,5055 2529,5055 2532,5055 2536,5055 2577,5038 2590,5051 2590,5055 2594,5055 2597,5055 3031,5065 3034,5065 3218,5041 3222,5017 3222,4966 3140,4939 3136,4939 3133,4939 3130,4939 3085,4962 3000,4935 2996,4935 2993,4935 2990,4935 2945,4959 2942,4959 2324,4952 2321,4949 2290,4928 2286,4928 2283,4928 2280,4928 2276,4928 2232,4942 2208,4922 2208,4918 2205,4918 2201,4918 2198,4918 1979,4942 1952,4918 1952,4915 1949,4915 1945,4915 1942,4915 1768,4939 1764,4939 1723,4922 1720,4922 1716,4922 1611,4935 1580,4911 1580,4908 1576,4908 1573,4908 1518,4908 1515,4908 1512,4908 1454,4932 1426,4908 1426,4904 1423,4904 1419,4904 1317,4901 1191,4901 1187,4901 1184,4901 1129,4925 1129,4980"/>
                <Baseline points="1129,4980 3222,5017"/>
                <TextEquiv>
                    <Unicode>Nun fort zum heitern Meeresfeſte</Unicode>
                </TextEquiv>
            </TextLine>
            <TextLine id="eSc_line_98a26de9" custom="readingOrder {index:28;} structure {type:default;}">
                <Coords points="3365,5085 3297,5055 3293,5055 3290,5055 3287,5055 3232,5085 3191,5051 3188,5051 3184,5051 3181,5051 3177,5051 3174,5051 3126,5085 3119,5085 2986,5085 2976,5079 2850,5041 2846,5041 2843,5041 2839,5041 2781,5065 2747,5041 2744,5041 2740,5041 2737,5041 2495,5065 2454,5068 2327,5068 2321,5061 2300,5044 2297,5044 2293,5044 2290,5044 2228,5058 2211,5061 2187,5058 2061,5021 2058,5021 1890,5017 1887,5017 1884,5017 1880,5017 1880,5021 1850,5048 1843,5051 1819,5044 1652,5010 1600,5010 1597,5010 1594,5010 1590,5010 1553,5038 1546,5044 1536,5038 1488,5014 1484,5014 1481,5014 1382,5034 1358,5038 1351,5031 1324,5007 1324,5003 1320,5003 1317,5003 1314,5003 1310,5003 1239,5027 1228,5031 1136,5027 1136,5085 1133,5123 1259,5123 1266,5123 1396,5171 1399,5171 1402,5171 1761,5137 1774,5137 1781,5137 1850,5157 1853,5157 1856,5157 1949,5150 1993,5184 1996,5184 2000,5184 2058,5188 2061,5188 2242,5150 2324,5171 2327,5171 2331,5171 2577,5157 2583,5157 2587,5157 2696,5191 2699,5191 2703,5191 2706,5191 2751,5167 2839,5167 2891,5208 2894,5208 2897,5208 3044,5212 3048,5212 3051,5212 3119,5188 3143,5208 3143,5212 3147,5212 3150,5212 3153,5212 3205,5201 3242,5218 3246,5218 3249,5218 3252,5218 3375,5174 3379,5143 3379,5140 3365,5085"/>
                <Baseline points="1136,5085 3379,5143"/>
                <TextEquiv>
                    <Unicode>Dort hofft und ehrt man Wundergäſte.</Unicode>
                </TextEquiv>
            </TextLine>
        </TextRegion>
    </Page>
</PcGts>
