4096 6144
979 832 2693 1047 Zum letztenmal gewagt! Es ſey!
1013 996 2993 1181 Recht quammig, quappig, das bezahlen
1010 1140 2600 1314 Mit hohem Preis Orientalen.
989 1293 2856 1481 Doch ach! Der Boviſt platzt entzwey.
1539 1437 2020 1583 Lamien.
969 1597 3072 1764 Fahrt auseinander, ſchwankt und ſchwebet
979 1716 1348 1839 Blitzartig
969 1757 3027 1942 Dem Blitz gleich, ſchwarzen Flugs, umgebet,
965 1911 2665 2061 Den eingedrungnen Hexenſohn.
976 2054 2829 2225 Unſichre ſchauderhafte Kreiſe!
952 2165 3046 2401 Schweigſamen Fittigs, Fledermäuſe!
749 2298 977 4367 Iſt eben hier eine Mummenſchanz
593 2319 819 4136 Wie überall ein Sinnentanz.
938 2351 2850 2553 Zu wohlfeil kom̄t er doch davon.
1617 2544 2053 2769 Meph.
986 2723 3263 2911 Viel klüger scheints es, bin ich nicht geworden;
976 2891 3061 3072 Abſurd iſt’s hier, abſurd im Norden,
1003 3058 3140 3235 Geſpenſter hier wie dort vertrackt,
988 3200 2821 3435 Volk und Poeten abgeſchmackt.
1008 3358 2974 3594 Ich griff nach holden Maskenzügen,
1003 3539 3283 3754 Und faßte Weſen daß mich’s ſchauerte....
998 3712 2846 3927 Ich möchte gerne mich betrügen,
1020 3884 2812 4024 Wenn es nur länger dauerte
1423 4044 2841 4270 /: ſich zwiſchen dem Geſtein
2041 4232 2781 4352 verirrend :/
947 4362 2984 4577 Wo bin ich denn? Wo wills hinaus?
962 4531 3102 4730 Das war ein Pfad, nun iſts ein Graus.
1018 4679 3066 4910 Ich kam daher auf glatten Wegen,
1013 4881 3024 5068 Und jetzt ſteht mir Geröll entgegen.
