4096 6144
3246 593 3388 721 6
1766 711 2196 890 Sphynx.
962 866 3420 1054 Mag ſeyn! Haſt du von Sternen einige Kunde?
979 1017 3392 1208 Was ſagſt du zu der gegenwärtgen Stunde?
1788 1143 3013 1348 Meph. /: aufſchauend :/
2177 1266 2860 1392 beſchnittner
962 1320 3399 1501 Stern ſchießt nach Sternen, voller Mond ſcheint helle
972 1459 3302 1648 Und mir iſt wohl an dieſer trauten Stelle,
962 1614 3082 1798 Ich wärme mich an deinem Löwenfelle.
965 1747 3345 1952 Hinauf ſich zu verſteigen wär’ zum Schaden,
976 1890 3368 2116 Gieb Räthſel auf, gieb allenfalls Charaden.
1822 2106 2218 2297 Sphynx.
988 2206 3450 2452 Sprich nur dich ſelbſt aus, wird ſchon Räthſel ſeyn.
993 2389 3143 2597 Verſuch einmal dich innigſt aufzulöſen:
983 2539 3266 2703 „Dem from̄en Manne nöthig wie dem böſen,
972 2698 3189 2903 Dem ein Plaſtron, ascetiſch zu rapiren,
993 2870 3280 3051 Cumpan dem andern Tolles zu vollführen,
1003 3027 3211 3201 Und beides nur um Zeus zu amüſiren.„
1716 3205 3222 3403 1r Greif /: ſchnarrend :/
1000 3386 1938 3573 Den mag ich nicht.
1744 3474 3430 3700 2r Greif. /: ſtärker ſchnarrend :/
1737 3672 2874 3833 Was will uns der!
1747 3860 2119 3997 Beide.
979 4014 3102 4246 Der Garſtige gehöret nicht hierher!
1764 4208 2788 4392 Meph. /: brutal :/
1003 4352 3433 4580 Du glaubſt vielleicht des Gaſtes Nägel krauen
1017 4509 3416 4741 Nicht auch ſo gut wie deine ſcharfen Klauen
1027 4734 2075 4925 Verſuchs einmal.
