4096 6144
3198 768 3536 962 546.
1491 877 1853 1075 Marthe
518 1003 2542 1163 Da hintern Haus in meinem Garten
494 1146 2914 1317 Wollen wir der Herrn heut Abend warten
3017 1211 3464 1402 [alle ab]
1361 1269 2590 1510 Fauſt Mephiſtopheles.
1674 1500 2001 1679 Fauſt
471 1556 2749 1838 Wie iſt’s? Wills fördern wills bald gehn?
1679 1747 2095 1938 Meph:
481 1873 2433 2068 Ach Bravo; find ich euch im Feuer!
486 1981 2181 2191 In kurzer Zeit iſt Gretgen euer
484 2102 3133 2338 Heut Abend ſollt ihr ſie bey Nachbaar Marthen ſehn.
474 2263 2461 2457 Das iſt ein Weib wie auserleſen,
481 2360 2590 2616 Zum Kuppler und Zigeunerweſen..
1643 2513 1940 2672 Fauſt
471 2611 1327 2805 Sie iſt mir lieb.
1648 2693 1925 2903 Meph:
1274 2723 2728 2979 Doch gehts nicht ganz umſunſt,
481 2894 2389 3072 Eine Gunſt iſt werth der andern Gunſt.
467 3013 2587 3205 Wir legen nur ein gültig Zeuchniß nieder,
481 3157 2379 3328 Daſſ ihres Ehherrn ausgereckte Glieder
471 3269 2331 3471 In Padua, an heilger Stätte ruhn.
1518 3392 1805 3587 Fauſt
457 3498 3208 3734 Sehr klug! wir werden erſt die Reiſe machen müſſen.
1607 3672 2000 3898 Meph:
460 3799 2911 4007 Sancta Simplicitas! Darum iſt’s nicht zu thun.
467 3969 2344 4143 Bezeugt nur, ohne viel zu wiſſen.
1645 4099 1945 4270 Fauſt.
447 4126 3375 4413 Wenn er nichts beſſers hat, ſo iſt der Plan zerriſſen.
1672 4345 2030 4478 Meph:
450 4408 2416 4633 O heilger Mann da wärt ihr’s nun!
471 4563 2795 4782 Es iſt gewiſſ das erſt in eurem Leben,
