4096 6144
3174 774 3474 969 547.
1563 942 1897 1133 Meph:
501 1044 1423 1283 Ich hab doch recht!
1573 1136 1887 1351 Fauſt
1327 1290 2423 1471 Hör merk dir dies
522 1430 2594 1594 Ich bitte dich und ſchone meine Lunge.
512 1553 3290 1754 Wer Recht behalten will und hat nur eine Zunge
518 1703 1416 1863 Der hälts gewiſſ.
525 1812 2901 1993 Und komm ich hab des Schwäzens Uberdruſſ
518 1931 3164 2164 Denn du haſt Recht, vorzüglich weil ich muſſ.
1607 2146 2037 2344 Garten.
802 2331 3495 2546 Margrete an Fauſtens Arm. Marthe mit Mephiſtopheles
1300 2522 2614 2662 auf und ab ſpazierend.
491 2652 2703 2856 Ich fühl es wohl daß mich der Herr nur ſchont,
505 2819 2382 2966 Herab ſich läſſt, bis zum Beſchämen.
508 2935 1986 3106 Ein Reiſender iſt ſo gewohnt
501 3075 2187 3256 Aus Gütigkeit vorlieb zu nehmen,
529 3218 2624 3413 Ich weis zu gut daſſ ſolch erfahrnen Mann
508 3372 2751 3543 Mein arm Geſpräch nicht unterhalten kann.
1566 3495 1850 3676 Fauſt
498 3624 2611 3822 Ein Blick von dir, ein Wort mehr unterhält
498 3778 1949 3942 Als alle Weisheit dieſer Welt.
2020 3802 3106 4020 /: er küſſt ihre Hand :/
1529 3918 1921 4102 Margr:
512 4051 2993 4253 Inkomodirt euch nicht! Wie könnt ihr ſie nur küſſen,
505 4198 1914 4382 Sie iſt ſo garſtig, iſt ſo rauh
501 4341 2594 4532 Was hab ich nicht ſchon alles ſchaffen müſſen,
501 4488 1986 4754 Die Mutter iſt gar zu genau.
2112 4587 2938 4812 /: gehn vorüber :/
