4096 6144
2010 836 2293 1020 Froſch.
819 952 3874 1177 Bey Wurzen iſts fatal, da muß man ſo lang auf die Fähre manchmal
822 1112 1256 1280 warthen.
2071 1099 2392 1314 Fauſt.
839 1266 1068 1399 So!
2078 1307 2809 1501 Siebel /: leiſe :/
822 1426 3836 1617 Sie kommen aus dem Reiche man ſiehts ’en an. Laſſt ſie nur erſt
836 1587 3843 1778 fidel werden. – Seyd ihr Freunde von einen herzhaften Schluck
826 1689 1679 1925 Herbey mit euch.
2099 1785 2457 1983 Meph:
822 1918 3181 2106 Immer zu. /: ſie ſtoßen an und trinken :/
2075 2071 2430 2290 Froſch.
812 2201 3829 2423 Nun Herrn ein Liedgen. Für einen Krug ein Liedgen, das iſt billig.
2051 2341 2440 2549 Fauſt
822 2454 1969 2679 Ich habe keine Stimme.
2022 2565 2319 2780 Meph:
826 2682 3799 2921 Ich ſing eins für mich, zwey für meinen Cam̄eraden, hundert
815 2826 3840 3044 wenn ihr wollt, wir kommen aus Spanien wo Nachs ſo viel
812 2969 3512 3218 Lieder geſungen werden als Sterne am Himmel ſtehn.
2010 3116 2457 3314 Brander
822 3222 3829 3471 Das verbät ich mir, ich haſſe das Geklimpere, auſſer wenn ich
832 3389 3816 3618 einen Rauſch habe, und ſchlafe daß die Welt untergehn
815 3539 3843 3744 dürfte. – Für kleine Mädgen iſts ſo was die nit ſchlafen
819 3669 3843 3904 können, und am Fenſter ſtehen Monden Kühlung einzuſuckeln
2024 3829 2464 4024 Meph:
1587 4031 2979 4208 Es war einmal ein König
1566 4116 3232 4379 Der hett einen groſen Floh!
2085 4273 2433 4444 Siebel
814 4352 3573 4664 Stille! Horch! Schöne Rarität! ſchöne Liebhaberey!
