4096 6144
901 942 2406 1157 Beſonders lernt die Weiber führen
901 1102 2232 1300 Es iſt ihr ewig Weh und Ach
901 1259 1648 1457 So tauſendfach,
904 1402 2440 1587 Aus Einem Punckte zu kuriren.
904 1580 2665 1768 Und wenn ihr halbwēg ehrbār thut,
904 1733 2621 1911 Dann habt ihr ſie all unterm Hut.
897 1887 2949 2095 Ein Titel muß ſie erſt vertraulich machen,
897 2044 2740 2273 Daſſ eure Kunſt viel Künſte überſteigt
901 2235 3536 2447 Zum Willkomm tappt ihr dann nach allen Siebenſachen,
897 2409 2706 2583 Um die ein andrer viele Jahre ſtreicht.
894 2556 2696 2744 Verſteht das Pülslein wohl zu drücken,
894 2717 3068 2908 Und faſſet ſie mit feurig ſchlauen Blicken,
904 2856 2505 3085 Wohl um die ſchlanke Hüfte frey
914 3037 2648 3269 Zu ſehn wie feſt geſchnürt ſie ſey.
1846 3181 2269 3365 Student.
914 3358 2973 3607 Das ſieht ſchon beſſer aus als die Philoſophie.
1873 3512 2145 3737 Meh:
918 3686 2624 3891 Grau, theuerer Freund, iſt alle Theorie
901 3850 2638 4068 Und grün des Lebens goldner Baum.
1949 3976 2368 4154 Student.
904 4171 3072 4358 Ich ſchwör euch zu mir iſts als wie ein Traum.
901 4338 3099 4505 Dürft ich euch wohl ein andermal beſchweeren
897 4478 3099 4720 Von eurer Weisheit auf den Grund zu hören.
