<?xml version="1.0" encoding="UTF-8"  standalone="yes"?>
<PcGts xmlns="http://schema.primaresearch.org/PAGE/gts/pagecontent/2019-07-15" xmlns:xsi="http://www.w3.org/2001/XMLSchema-instance" xsi:schemaLocation="http://schema.primaresearch.org/PAGE/gts/pagecontent/2019-07-15 http://schema.primaresearch.org/PAGE/gts/pagecontent/2019-07-15/pagecontent.xsd">
  <Metadata>
	<Creator>escriptorium</Creator>
	<Created>2023-07-09T09:47:00.608917+00:00</Created>
        <LastChange>2023-07-09T09:47:00.608930+00:00</LastChange>

  </Metadata>
  <Page imageFilename="0094.jpg" imageWidth="4096" imageHeight="6144">

    
    <TextRegion id="eSc_textblock_0313e83d"  custom="structure {type:text;}">
      <Coords points="3314,819 3573,860 3601,993 3696,1092 3696,1484 2293,1566 2170,1594 2167,1662 2290,1839 2375,1870 3519,1884 3642,1897 3682,1952 3601,2304 3259,2457 3246,2795 2662,2918 2618,3041 2672,3164 2563,3249 2536,3345 2676,3454 3505,3495 3601,3549 3669,4037 3532,4177 3464,4365 3341,4420 2307,4461 2017,4625 559,4652 546,2894 1102,2853 1146,2785 925,2645 696,2658 624,2713 559,2645 546,1037 1293,983 1624,901 2003,914 2184,1010 2973,983 3314,819"/>
      
      
      <TextLine id="eSc_line_7123a92e" custom="structure {type:default;}">
        <Coords points="3532,853 3498,846 3464,843 3430,836 3396,829 3386,826 3382,832 3341,822 3338,822 3334,822 3331,822 3328,822 3328,826 3287,863 3283,870 3225,870 3225,945 3225,979 3365,979 3372,983 3389,1000 3389,1003 3392,1003 3396,1003 3399,1003 3536,989 3536,945 3536,853 3532,853"/>
        <Baseline points="3225,945 3536,945"/>
        <TextEquiv>
          <Unicode>564.</Unicode>
        </TextEquiv>
      </TextLine>

      
      
      <TextLine id="eSc_line_ac8ab708" custom="structure {type:default;}">
        <Coords points="1846,907 1812,907 1798,904 1788,911 1771,918 1747,907 1737,901 1710,901 1675,901 1641,901 1607,901 1573,911 1576,989 1576,1030 2013,1030 2013,983 2007,925 1867,925 1856,914 1850,907 1846,907"/>
        <Baseline points="1576,989 2013,983"/>
        <TextEquiv>
          <Unicode>Margr:</Unicode>
        </TextEquiv>
      </TextLine>

      
      
      <TextLine id="eSc_line_c17cb7c7" custom="structure {type:default;}">
        <Coords points="542,1116 542,1163 631,1181 634,1181 638,1181 675,1163 713,1150 778,1163 812,1170 815,1170 860,1163 938,1150 1034,1163 1221,1187 1225,1187 1228,1187 1314,1160 1348,1150 1368,1160 1423,1187 1426,1187 1430,1191 1645,1191 1645,1187 1648,1187 1751,1160 1880,1187 1884,1187 2283,1184 2286,1184 2341,1163 2450,1187 2454,1187 2457,1187 2461,1187 2508,1153 2515,1150 2546,1153 2751,1187 2754,1187 2757,1187 2829,1153 2870,1153 2935,1150 2955,1153 3119,1177 3123,1177 3126,1177 3198,1150 3201,1150 3611,1150 3614,1105 3604,1044 3454,1047 3444,1041 3396,1010 3392,1010 3389,1010 3386,1010 3382,1010 3310,1041 3293,1051 3136,1051 3119,1041 3089,1027 3085,1027 3082,1027 3078,1027 3044,1041 2996,1010 2993,1010 2990,1010 2986,1010 2843,1027 2662,1013 2658,1013 2519,1037 2389,1010 2385,1010 2382,1010 2314,1041 2293,1051 2109,1051 2088,1041 2024,1010 2020,1010 1908,1010 1904,1010 1901,1010 1843,1034 1798,1010 1795,1010 1792,1010 1788,1010 1785,1010 1744,1037 1730,1047 1682,1037 1607,1024 1604,1024 1372,1030 1327,1010 1324,1010 1320,1010 1204,1017 1201,1017 1198,1017 1167,1037 1143,1051 1068,1051 1037,1037 965,1010 962,1010 959,1010 539,1034 542,1116"/>
        <Baseline points="542,1116 2392,1129 3614,1105"/>
        <TextEquiv>
          <Unicode>Ums Leben nicht – Siehſt du’s zappeln! Rette den armen Wurm</Unicode>
        </TextEquiv>
      </TextLine>

      
      
      <TextLine id="eSc_line_82669cba" custom="structure {type:default;}">
        <Coords points="556,1262 556,1310 853,1331 856,1331 860,1331 863,1331 901,1307 931,1286 1071,1280 1109,1303 1146,1327 1150,1327 1153,1327 1157,1331 1228,1331 1228,1327 1232,1327 1235,1327 1280,1300 1310,1280 1522,1276 1611,1293 1655,1300 1658,1300 1706,1290 1781,1276 1809,1290 1873,1320 1877,1320 1880,1324 2037,1324 2037,1320 2225,1283 2293,1269 2426,1269 2457,1276 2532,1300 2536,1300 2539,1300 2641,1290 2710,1307 2713,1307 2717,1307 2720,1307 2795,1280 2904,1307 2908,1307 3304,1310 3307,1310 3310,1310 3314,1310 3382,1269 3433,1283 3437,1283 3440,1283 3590,1256 3594,1228 3584,1167 3208,1187 3181,1170 3160,1157 3157,1157 3153,1157 3058,1153 3054,1153 3051,1153 3048,1153 3017,1174 2993,1191 2918,1191 2894,1177 2867,1157 2863,1157 2860,1157 2856,1157 2734,1177 2717,1181 2706,1181 2635,1157 2631,1157 2628,1157 2624,1157 2529,1181 2481,1194 2457,1184 2423,1167 2420,1167 2416,1167 2413,1167 2372,1184 2348,1194 2334,1184 2310,1167 2307,1167 2304,1167 2300,1167 2297,1167 2293,1167 2266,1187 2256,1194 2157,1198 2129,1187 2061,1163 2058,1163 2054,1163 2051,1163 2048,1163 2010,1191 1996,1201 1887,1201 1873,1191 1815,1163 1812,1163 1809,1163 1641,1167 1638,1167 1634,1167 1587,1198 1576,1204 1454,1204 1447,1198 1399,1167 1396,1167 1392,1167 1389,1167 1269,1170 1266,1170 1184,1201 1116,1170 1112,1170 996,1170 993,1170 829,1208 826,1211 552,1211 556,1262"/>
        <Baseline points="556,1262 2669,1252 3594,1228"/>
        <TextEquiv>
          <Unicode>er zappelt noch! – Fort! geſchwind! Nur übern Steg, gerad</Unicode>
        </TextEquiv>
      </TextLine>

      
      
      <TextLine id="eSc_line_7be689e3" custom="structure {type:default;}">
        <Coords points="552,1413 552,1460 788,1443 928,1464 969,1467 972,1467 976,1467 986,1464 1041,1440 1167,1464 1177,1464 1181,1464 1184,1464 1187,1464 1249,1440 1372,1440 1437,1464 1440,1464 1443,1464 1450,1464 1553,1440 1611,1457 1614,1457 1617,1457 1870,1440 1931,1464 1938,1467 1942,1467 1945,1467 1949,1467 1955,1464 1993,1443 2225,1440 2423,1467 2443,1467 2447,1467 2450,1467 2454,1467 2498,1440 2723,1440 2816,1467 2819,1467 2822,1467 2826,1467 2836,1467 2979,1447 3048,1467 3051,1467 3054,1471 3676,1471 3676,1423 3672,1351 3553,1351 3416,1314 3413,1314 3409,1314 3293,1341 3218,1317 3215,1317 3211,1317 3208,1317 3174,1331 3140,1307 3136,1307 3133,1307 2891,1307 2887,1307 2884,1307 2880,1307 2819,1351 2682,1351 2583,1307 2580,1307 2481,1307 2478,1307 2474,1307 2382,1344 2307,1310 2304,1310 2300,1310 2297,1310 2211,1351 2102,1351 2020,1307 2017,1307 2013,1307 2010,1307 2007,1307 1942,1351 1679,1351 1587,1307 1583,1307 1392,1307 1389,1307 1385,1307 1307,1351 1167,1351 1082,1307 1078,1307 1075,1307 1071,1307 993,1327 812,1307 808,1307 805,1307 709,1351 549,1351 552,1413"/>
        <Baseline points="552,1413 2676,1399 3676,1423"/>
        <TextEquiv>
          <Unicode>in Wald hinein links am Teich wo die Planke ſteht. Fort! rette! rette!</Unicode>
        </TextEquiv>
      </TextLine>

      
      
      <TextLine id="eSc_line_bf7cdd99" custom="structure {type:default;}">
        <Coords points="1713,1570 1713,1611 1764,1604 1771,1607 1802,1634 1805,1634 1809,1634 1812,1634 1897,1631 1901,1631 1904,1631 1904,1628 1908,1628 1938,1590 1972,1600 1976,1600 1979,1600 1983,1600 2044,1576 2044,1553 2030,1447 1979,1450 1976,1450 1972,1450 1897,1505 1706,1471 1713,1570"/>
        <Baseline points="1713,1570 2044,1553"/>
        <TextEquiv>
          <Unicode>Fauſt</Unicode>
        </TextEquiv>
      </TextLine>

      
      
      <TextLine id="eSc_line_65a3481e" custom="structure {type:default;}">
        <Coords points="549,1730 552,1761 552,1802 699,1802 699,1798 703,1798 730,1792 839,1764 887,1785 918,1798 921,1798 925,1798 1024,1781 1119,1761 1153,1774 1204,1795 1208,1795 1211,1795 1314,1792 1317,1792 1372,1764 1413,1744 1505,1757 1508,1727 1491,1587 1406,1621 1368,1597 1351,1583 1348,1583 1344,1583 1341,1583 1280,1587 1276,1587 1273,1587 1252,1604 1218,1631 1133,1614 1037,1594 1034,1594 1030,1594 1027,1594 1027,1597 1024,1597 1003,1624 1000,1628 931,1641 870,1634 692,1607 689,1607 686,1607 552,1652 549,1730"/>
        <Baseline points="552,1761 1508,1727"/>
        <TextEquiv>
          <Unicode>Rette! Rette dich!</Unicode>
        </TextEquiv>
      </TextLine>

      
      
      <TextLine id="eSc_line_a7badd6f" custom="structure {type:default;}">
        <Coords points="556,2000 556,2030 1116,2013 1269,2030 1433,2051 1437,2051 1529,2030 1597,2017 1798,2030 1867,2034 1870,2034 1873,2034 1890,2030 1931,2020 1952,2030 1966,2037 1969,2037 1972,2037 2085,2030 2232,2020 2269,2030 2362,2058 2365,2058 2368,2058 2676,2054 2679,2054 2720,2037 2908,2058 2911,2058 2914,2058 2959,2037 3007,2061 3010,2061 3013,2061 3123,2048 3256,2065 3259,2065 3263,2065 3372,2037 3519,2065 3522,2065 3525,2065 3628,2027 3631,2017 3621,1908 3546,1955 3372,1955 3290,1911 3276,1904 3273,1904 3269,1904 3198,1911 3000,1935 2891,1914 2819,1901 2816,1901 2812,1901 2785,1914 2744,1938 2679,1914 2624,1897 2621,1897 2618,1897 2420,1918 2382,1921 2375,1918 2344,1897 2341,1897 2338,1897 2235,1894 2071,1894 2068,1894 2065,1894 1989,1921 1935,1942 1846,1942 1805,1925 1727,1890 1723,1890 1641,1890 1638,1890 1634,1890 1631,1890 1576,1925 1553,1938 1505,1925 1437,1908 1433,1908 1430,1908 1426,1908 1385,1928 1358,1938 1232,1928 1075,1914 1071,1914 925,1931 877,1935 832,1931 655,1911 651,1911 556,1931 556,2000"/>
        <Baseline points="556,2000 1843,1989 3631,2017"/>
        <TextEquiv>
          <Unicode>Wären wir nur den Berg vorbey, da ſizzt meine Mutter auf</Unicode>
        </TextEquiv>
      </TextLine>

      
      
      <TextLine id="eSc_line_1bbf6b77" custom="structure {type:default;}">
        <Coords points="1720,1863 1720,1890 1884,1938 1887,1938 1890,1938 1959,1935 1962,1935 1966,1935 2044,1877 2146,1870 2146,1846 2140,1785 1713,1774 1720,1863"/>
        <Baseline points="1720,1863 2146,1846"/>
        <TextEquiv>
          <Unicode>Margr:</Unicode>
        </TextEquiv>
      </TextLine>

      
      
      <TextLine id="eSc_line_7622e30f" custom="structure {type:default;}">
        <Coords points="556,2146 556,2181 802,2170 805,2170 860,2150 1047,2167 1051,2167 1515,2153 1597,2170 1600,2170 1604,2170 1607,2170 1634,2153 2078,2153 2184,2174 2280,2191 2283,2191 2413,2174 2423,2174 2450,2187 2454,2187 2457,2187 2461,2187 2464,2187 2484,2174 2505,2160 2525,2174 2549,2191 2553,2191 2556,2191 2560,2194 2652,2194 2652,2191 2655,2191 2689,2174 2713,2160 2740,2174 2761,2181 2764,2181 2768,2181 3013,2170 3061,2170 3068,2170 3160,2194 3164,2194 3167,2194 3304,2170 3307,2170 3368,2194 3372,2194 3375,2194 3553,2167 3556,2153 3543,2034 3444,2095 3358,2095 3297,2061 3293,2061 3290,2061 3287,2061 3225,2095 3147,2095 3092,2058 3089,2058 3085,2058 2983,2058 2979,2058 2976,2058 2973,2058 2918,2092 2764,2092 2645,2048 2641,2048 2638,2048 2635,2048 2631,2048 2628,2048 2549,2092 2341,2092 2300,2061 2297,2061 2293,2061 2290,2061 2286,2061 2228,2085 2164,2054 2106,2027 2102,2027 1768,2027 1764,2027 1761,2027 1757,2027 1699,2061 1594,2024 1590,2024 1587,2024 1583,2024 1580,2024 1512,2065 1498,2075 1460,2075 1447,2065 1382,2024 1378,2024 1375,2024 1372,2024 1368,2024 1300,2044 1259,2024 1256,2024 1000,2020 996,2020 993,2020 856,2075 846,2082 556,2082 556,2146"/>
        <Baseline points="556,2146 1160,2123 1822,2119 2662,2146 3556,2153"/>
        <TextEquiv>
          <Unicode>einem Stein und wackelt mit dem Kopf! Sie winckt nicht ſie</Unicode>
        </TextEquiv>
      </TextLine>

      
      
      <TextLine id="eSc_line_20854331" custom="structure {type:default;}">
        <Coords points="549,2293 549,2324 884,2324 925,2351 928,2351 931,2351 935,2351 938,2351 1003,2324 1092,2351 1095,2351 1099,2355 1256,2355 1256,2351 1259,2351 1344,2317 1348,2317 1402,2344 1406,2344 1409,2344 1413,2344 1498,2317 1501,2317 1576,2344 1580,2344 1583,2344 1710,2317 1785,2348 1788,2348 1792,2348 1795,2348 1798,2348 1846,2317 2013,2344 2017,2344 2020,2344 2082,2314 2300,2314 2399,2314 2450,2344 2454,2344 2457,2344 2461,2348 2594,2348 2594,2344 2597,2344 2665,2327 3150,2341 3153,2341 3157,2341 3256,2310 3409,2334 3413,2334 3536,2304 3536,2273 3522,2170 3457,2205 3263,2205 3198,2177 3160,2160 3157,2160 3153,2160 3150,2160 3116,2177 3068,2205 3024,2177 3013,2170 3010,2170 3007,2170 3003,2170 2949,2181 2938,2181 2935,2181 2880,2160 2877,2160 2874,2160 2618,2167 2614,2167 2577,2187 2566,2191 2549,2187 2478,2167 2474,2167 2471,2167 2348,2191 2252,2208 2222,2191 2164,2164 2160,2164 2071,2164 2068,2164 2065,2164 2061,2164 2010,2194 1989,2208 1918,2211 1880,2198 1805,2167 1802,2167 1580,2167 1576,2167 1573,2167 1515,2187 1426,2170 1423,2170 1419,2170 1348,2208 1334,2215 1259,2215 1245,2208 1208,2191 1204,2191 1201,2191 1198,2191 1157,2211 1146,2215 1136,2211 1064,2177 1061,2177 1058,2177 1054,2177 979,2211 972,2218 877,2218 873,2215 802,2181 798,2181 795,2181 546,2218 549,2293"/>
        <Baseline points="549,2293 1529,2276 3536,2273"/>
        <TextEquiv>
          <Unicode>nickt nicht, ihr Kopf iſt ihr ſchweer. Sie ſollt ſchlafen daß</Unicode>
        </TextEquiv>
      </TextLine>

      
      
      <TextLine id="eSc_line_8f299f17" custom="structure {type:default;}">
        <Coords points="556,2440 552,2457 621,2481 624,2481 628,2481 723,2457 744,2454 764,2457 805,2471 808,2471 812,2471 897,2457 955,2450 979,2457 1027,2478 1030,2478 1034,2478 1136,2457 1163,2454 1174,2457 1239,2491 1242,2491 1245,2495 1361,2495 1361,2491 1365,2491 1368,2491 1413,2457 1419,2454 1525,2450 1573,2450 1590,2457 1641,2491 1645,2491 1648,2491 1652,2491 1655,2491 1764,2457 1785,2454 1860,2457 2027,2471 2030,2471 2167,2457 2228,2454 2256,2457 2406,2491 2409,2491 2795,2464 2966,2488 2969,2488 2973,2488 2976,2488 3013,2461 3123,2461 3126,2430 3126,2375 3003,2338 3000,2338 2996,2338 2993,2338 2911,2375 2901,2382 2645,2382 2631,2375 2519,2338 2515,2338 2512,2338 2508,2338 2505,2338 2450,2375 2447,2379 2423,2375 2317,2358 2314,2358 2106,2375 2085,2358 2082,2358 2078,2358 2075,2358 2071,2358 2034,2375 2027,2379 2024,2375 1938,2338 1935,2338 1931,2338 1928,2338 1836,2379 1832,2379 1829,2379 1774,2341 1771,2341 1768,2341 1686,2338 1682,2338 1679,2338 1675,2338 1617,2379 1587,2379 1495,2379 1491,2379 1437,2338 1433,2338 1430,2338 1331,2338 1327,2338 1324,2338 1252,2375 1170,2379 1150,2379 1146,2379 1099,2338 1095,2338 1092,2338 1013,2338 1010,2338 1006,2338 1003,2338 976,2362 945,2338 942,2338 938,2338 832,2338 829,2338 826,2338 822,2338 771,2379 686,2355 682,2355 679,2355 675,2355 672,2355 638,2379 638,2382 556,2382 556,2440"/>
        <Baseline points="556,2440 1116,2423 3126,2430"/>
        <TextEquiv>
          <Unicode>wir könnten wachen und uns freuen beyſammen.</Unicode>
        </TextEquiv>
      </TextLine>

      
      
      <TextLine id="eSc_line_622e44b6" custom="structure {type:default;}">
        <Coords points="1747,2590 1747,2611 1829,2641 1832,2641 1836,2641 2000,2638 2003,2638 2054,2624 2112,2607 2276,2607 2399,2635 2402,2635 2406,2635 2409,2635 2413,2635 2433,2618 2464,2638 2478,2583 2471,2508 2218,2508 2181,2488 2126,2464 2123,2464 2119,2464 2013,2478 1993,2481 1972,2478 1918,2461 1914,2461 1911,2461 1908,2461 1884,2471 1856,2484 1832,2467 1826,2461 1822,2461 1819,2461 1815,2461 1744,2461 1747,2590"/>
        <Baseline points="1747,2590 2478,2583"/>
        <TextEquiv>
          <Unicode>Fauſt.</Unicode>
        </TextEquiv>
      </TextLine>

      
      
      <TextLine id="eSc_line_f181e0d7" custom="structure {type:default;}">
        <Coords points="1259,2720 1256,2788 1317,2816 1320,2816 1324,2819 1433,2819 1433,2816 1437,2816 1515,2788 1546,2809 1549,2809 1553,2809 1556,2809 1559,2809 1563,2809 1563,2805 1587,2785 1587,2781 1590,2785 1648,2809 1652,2809 1655,2809 1658,2809 1662,2809 1696,2785 1733,2761 2143,2761 2208,2768 2222,2781 2273,2822 2276,2822 2280,2822 2283,2826 2423,2826 2423,2822 2426,2822 2498,2785 2570,2822 2573,2822 2870,2826 2874,2826 2877,2826 2880,2826 2955,2778 2969,2771 3010,2771 3017,2778 3051,2809 3051,2812 3054,2812 3058,2812 3061,2812 3065,2812 3130,2778 3133,2778 3205,2778 3208,2734 3201,2628 3095,2662 3051,2648 3048,2648 3044,2648 3041,2648 3037,2648 3037,2652 3017,2672 2877,2672 2826,2631 2819,2628 2816,2628 2812,2628 2809,2628 2805,2628 2802,2628 2795,2635 2747,2669 2580,2669 2549,2638 2539,2628 2539,2624 2536,2624 2532,2624 2529,2624 2525,2624 2467,2638 2362,2665 2321,2641 2293,2624 2290,2624 2286,2624 2283,2624 2280,2624 2208,2641 2133,2662 2106,2645 2075,2621 2071,2621 2068,2621 1969,2621 1966,2621 1962,2621 1914,2645 1870,2621 1867,2621 1863,2621 1860,2621 1781,2641 1754,2618 1751,2618 1747,2618 1744,2618 1669,2621 1665,2621 1662,2621 1662,2624 1631,2652 1621,2658 1447,2658 1440,2655 1368,2618 1365,2618 1361,2618 1358,2618 1259,2655 1259,2720"/>
        <Baseline points="1259,2720 3208,2734"/>
        <TextEquiv>
          <Unicode>/: ergreifft ſie und will ſie wegtragen :/</Unicode>
        </TextEquiv>
      </TextLine>

      
      
      <TextLine id="eSc_line_f8452764" custom="structure {type:default;}">
        <Coords points="1819,2856 1819,2897 2208,2874 2208,2850 2201,2802 2010,2802 1979,2778 1955,2757 1952,2757 1949,2757 1945,2757 1815,2757 1819,2856"/>
        <Baseline points="1819,2856 2208,2850"/>
        <TextEquiv>
          <Unicode>Margr:</Unicode>
        </TextEquiv>
      </TextLine>

      
      
      <TextLine id="eSc_line_2d6e3dea" custom="structure {type:default;}">
        <Coords points="1018,2862 1013,2862 983,2872 921,2903 875,2872 870,2867 870,2872 819,2877 768,2877 716,2882 665,2887 614,2887 563,2892 568,3031 568,3107 875,3107 875,3102 880,3102 885,3102 906,3092 957,3061 977,3077 977,3082 983,3082 988,3082 993,3082 1162,3051 1336,3072 1361,3072 1367,3072 1372,3072 1387,3066 1489,3041 1515,3061 1541,3082 1541,3087 1546,3087 1551,3087 1556,3087 1561,3087 1623,3056 1638,3051 1689,3056 1807,3066 1812,3066 1817,3066 1873,3046 1909,3036 2191,3036 2201,3036 2247,3072 2252,3072 2257,3072 2263,3072 2268,3072 2437,3020 2437,2990 2432,2882 2370,2846 2365,2846 2360,2846 2355,2846 2350,2846 2344,2846 2293,2887 2288,2892 2109,2892 1776,2887 1771,2882 1725,2851 1720,2851 1715,2851 1710,2851 1704,2851 1699,2851 1699,2856 1674,2882 1653,2897 1582,2877 1484,2856 1479,2856 1474,2856 1413,2877 1397,2882 1346,2877 1187,2856 1182,2856 1177,2856 1172,2856 1146,2877 1121,2892 1070,2872 1029,2862 1024,2862 1018,2862"/>
        <Baseline points="573,3036 1105,3010 2440,2993"/>
        <TextEquiv>
          <Unicode>Ich ſchreye laut, laut daſſ alles erwacht.</Unicode>
        </TextEquiv>
      </TextLine>

      
      
      <TextLine id="eSc_line_d8f6b3ff" custom="structure {type:default;}">
        <Coords points="1805,3205 1928,3181 2041,3201 2044,3201 2048,3201 2051,3201 2054,3201 2112,3164 2218,3181 2222,3181 2396,3164 2607,3191 2611,3143 2607,3095 2471,3075 2467,3075 2464,3075 2426,3089 2409,3095 2355,3089 2297,3078 2293,3078 2290,3078 2269,3085 2249,3092 2228,3085 2119,3031 2116,3031 2112,3031 1904,3034 1901,3034 1897,3034 1853,3075 1832,3089 1809,3072 1805,3157 1805,3205"/>
        <Baseline points="1805,3157 2123,3140 2611,3143"/>
        <TextEquiv>
          <Unicode>Fauſt</Unicode>
        </TextEquiv>
      </TextLine>

      
      
      <TextLine id="eSc_line_d16ad3d2" custom="structure {type:default;}">
        <Coords points="552,3331 552,3358 720,3355 730,3362 771,3396 774,3396 778,3396 781,3396 1122,3386 1126,3386 1194,3365 1242,3351 1307,3365 1358,3375 1361,3375 1365,3375 1368,3375 1368,3372 1375,3365 1389,3355 1457,3358 1471,3365 1522,3392 1525,3392 1529,3396 1597,3396 1597,3392 1600,3392 1604,3392 1604,3389 1628,3368 1648,3348 2003,3355 2027,3372 2058,3392 2061,3392 2065,3392 2068,3392 2071,3392 2146,3372 2228,3348 2290,3372 2293,3372 2297,3372 2300,3372 2304,3372 2317,3362 2331,3372 2338,3379 2338,3382 2341,3382 2344,3382 2348,3382 2423,3372 2423,3324 2420,3239 2375,3222 2372,3222 2368,3222 2365,3222 2362,3222 2341,3239 2324,3249 2310,3239 2276,3211 2273,3211 2269,3211 2266,3211 2263,3211 2259,3211 2215,3239 2198,3252 2181,3242 2119,3208 2116,3208 1993,3208 1989,3208 1986,3208 1983,3208 1938,3246 1928,3252 1890,3252 1880,3246 1856,3222 1856,3218 1853,3218 1850,3218 1846,3218 1843,3218 1774,3246 1754,3252 1686,3246 1658,3246 1624,3211 1624,3208 1621,3208 1617,3208 1614,3208 1611,3208 1607,3208 1576,3229 1512,3208 1508,3208 1505,3208 1501,3208 1498,3208 1443,3249 1440,3252 1382,3252 1317,3252 1273,3211 1269,3211 1266,3211 1201,3211 1198,3211 1194,3211 1116,3252 1109,3259 907,3259 904,3256 846,3211 843,3211 839,3211 836,3211 832,3211 764,3242 737,3215 737,3211 733,3211 730,3211 645,3211 641,3211 638,3211 634,3211 634,3215 590,3259 549,3259 552,3331"/>
        <Baseline points="552,3331 2423,3324"/>
        <TextEquiv>
          <Unicode>Der Tag graut. O Liebgen! Liebgen!</Unicode>
        </TextEquiv>
      </TextLine>

      
      
      <TextLine id="eSc_line_646ec736" custom="structure {type:default;}">
        <Coords points="1812,3461 1812,3498 2184,3498 2184,3495 2187,3495 2239,3474 2239,3454 2228,3389 2112,3403 2065,3392 2007,3382 2003,3382 2000,3382 1969,3396 1959,3403 1955,3399 1935,3379 1935,3375 1931,3375 1928,3375 1843,3375 1839,3375 1836,3375 1832,3375 1809,3392 1812,3461"/>
        <Baseline points="1812,3461 2239,3454"/>
        <TextEquiv>
          <Unicode>Margr:</Unicode>
        </TextEquiv>
      </TextLine>

      
      
      <TextLine id="eSc_line_560f2fd4" custom="structure {type:default;}">
        <Coords points="563,3597 563,3686 648,3686 648,3682 651,3682 716,3648 829,3679 839,3682 843,3682 846,3682 849,3682 856,3679 935,3638 1232,3638 1402,3662 1406,3662 1409,3662 1413,3662 1447,3642 1542,3662 1546,3662 1628,3648 1679,3669 1727,3686 1730,3686 1733,3689 1819,3689 1819,3686 1822,3686 1867,3665 1901,3648 1935,3665 1979,3686 1983,3686 1986,3689 2099,3689 2099,3686 2102,3686 2106,3686 2143,3662 2174,3645 2310,3645 2338,3659 2416,3686 2420,3686 2423,3686 2508,3669 2635,3686 2638,3686 2641,3686 2710,3652 2713,3652 2792,3686 2795,3686 2798,3689 2921,3689 2921,3686 2925,3686 3000,3648 3013,3642 3031,3648 3075,3662 3078,3662 3082,3662 3085,3662 3089,3662 3112,3645 3126,3642 3259,3642 3269,3645 3345,3686 3348,3686 3351,3689 3406,3689 3406,3686 3409,3686 3413,3686 3485,3642 3549,3638 3553,3611 3546,3539 3382,3539 3379,3536 3331,3515 3328,3515 3324,3515 3321,3515 3317,3515 3287,3536 3263,3536 3061,3519 3058,3519 2976,3532 2952,3536 2942,3532 2867,3495 2863,3495 2860,3495 2856,3495 2744,3529 2727,3536 2706,3529 2594,3495 2590,3495 2587,3495 2583,3495 2501,3525 2413,3495 2409,3495 2406,3495 2194,3515 1986,3495 1983,3495 1809,3522 1781,3525 1757,3522 1621,3495 1617,3495 1614,3495 1611,3495 1576,3522 1549,3539 1413,3539 1372,3519 1341,3505 1338,3505 1334,3505 1331,3505 1297,3519 1286,3522 1273,3519 1228,3498 1225,3498 1221,3498 1218,3498 1146,3515 1088,3532 1041,3515 972,3491 969,3491 604,3491 600,3491 597,3491 563,3508 563,3597"/>
        <Baseline points="563,3597 1583,3618 3553,3611"/>
        <TextEquiv>
          <Unicode>Tag! Es wird Tag! der lezte Tag! der Hochzeit Tag! – Sags</Unicode>
        </TextEquiv>
      </TextLine>

      
      
      <TextLine id="eSc_line_66c918a4" custom="structure {type:default;}">
        <Coords points="559,3754 559,3785 925,3792 928,3792 972,3785 1020,3775 1037,3785 1085,3809 1088,3809 1092,3812 1204,3812 1204,3809 1208,3809 1262,3781 1276,3775 1290,3781 1324,3795 1327,3795 1331,3795 1409,3781 1443,3775 1460,3781 1512,3799 1515,3799 1518,3799 1522,3799 1594,3778 1617,3775 1648,3778 1812,3805 1815,3805 1819,3805 1822,3805 1870,3778 1880,3771 1935,3778 2109,3799 2112,3799 2256,3775 2280,3771 2286,3775 2331,3805 2334,3805 2338,3805 2341,3809 2501,3809 2501,3805 2918,3771 2921,3771 2925,3771 3174,3802 3177,3802 3181,3802 3256,3768 3259,3768 3471,3768 3474,3744 3467,3696 3368,3696 3287,3652 3283,3652 3280,3652 3276,3652 3181,3696 2853,3696 2768,3659 2764,3659 2761,3659 2757,3659 2689,3696 2635,3696 2583,3672 2580,3672 2577,3672 2461,3679 2426,3659 2423,3659 2420,3659 2416,3659 2413,3659 2409,3659 2344,3700 2239,3700 2160,3665 2157,3665 2153,3665 2017,3696 1931,3655 1928,3655 1925,3655 1785,3686 1727,3655 1723,3655 1720,3655 1638,3672 1532,3655 1529,3655 1129,3659 1126,3659 1122,3659 1088,3679 1034,3659 1030,3659 1027,3659 1024,3659 945,3696 894,3682 890,3682 887,3682 884,3682 843,3703 556,3703 559,3754"/>
        <Baseline points="559,3754 3474,3744"/>
        <TextEquiv>
          <Unicode>niemand daſſ du die Nacht vorher bey Gretgen warſt. –</Unicode>
        </TextEquiv>
      </TextLine>

      
      
      <TextLine id="eSc_line_bc2b0e93" custom="structure {type:default;}">
        <Coords points="546,3904 546,3925 819,3925 826,3928 897,3959 901,3959 904,3959 1160,3956 1163,3956 1283,3925 1297,3921 1355,3921 1983,3952 1986,3952 1989,3952 2078,3915 2085,3915 2112,3915 2365,3938 2368,3938 2822,3911 2935,3945 2938,3945 2942,3949 3078,3949 3078,3945 3198,3942 3201,3942 3266,3908 3413,3932 3416,3932 3594,3901 3594,3884 3590,3826 3495,3795 3491,3795 3488,3795 3324,3812 3133,3795 3130,3795 3126,3795 3054,3826 3031,3840 2853,3840 2836,3829 2816,3812 2812,3812 2809,3812 2805,3812 2693,3829 2662,3833 2648,3829 2597,3809 2594,3809 2590,3809 2587,3809 2546,3829 2525,3843 2150,3843 2129,3833 2061,3802 2058,3802 2054,3802 1901,3805 1897,3805 1843,3833 1832,3836 1815,3833 1713,3809 1710,3809 1706,3809 1658,3833 1641,3843 1539,3846 1491,3833 1399,3809 1396,3809 1392,3809 1389,3809 1385,3809 1341,3836 1327,3843 1126,3836 1102,3836 1047,3809 1044,3809 1041,3809 911,3812 907,3812 856,3836 829,3850 709,3850 692,3836 655,3812 651,3812 648,3812 645,3812 542,3836 546,3904"/>
        <Baseline points="546,3904 3594,3884"/>
        <TextEquiv>
          <Unicode>Mein Kränzgen! – Wir ſehn uns wieder! – Hörſt du die</Unicode>
        </TextEquiv>
      </TextLine>

      
      
      <TextLine id="eSc_line_122e0120" custom="structure {type:default;}">
        <Coords points="556,4051 556,4102 665,4082 706,4102 730,4113 733,4113 737,4113 740,4113 744,4113 764,4099 778,4092 802,4099 890,4126 894,4126 897,4126 1221,4123 1225,4123 1290,4092 1331,4072 1573,4085 1590,4085 1594,4085 1604,4085 1706,4068 1761,4082 1771,4085 1774,4085 1778,4085 1839,4082 1986,4068 2007,4078 2075,4116 2078,4116 2082,4116 2280,4113 2283,4113 2430,4072 2440,4068 2447,4072 2546,4109 2549,4109 2553,4113 2754,4113 2754,4109 2757,4109 2853,4065 2867,4058 2911,4061 3027,4075 3031,4075 3034,4075 3082,4058 3085,4058 3092,4058 3153,4082 3157,4082 3160,4082 3164,4082 3167,4082 3191,4065 3297,4078 3300,4078 3304,4078 3365,4058 3481,4072 3485,4072 3635,4048 3635,4024 3631,3952 3560,3928 3556,3928 3553,3928 3549,3928 3546,3928 3512,3952 3491,3966 3420,3952 3372,3945 3368,3945 3365,3945 3348,3952 3321,3966 3297,3952 3252,3932 3249,3932 3184,3932 3181,3932 3177,3932 3130,3956 3112,3962 3082,3956 3027,3942 3024,3942 3020,3942 3017,3942 2983,3956 2973,3959 2959,3956 2867,3932 2863,3932 2860,3932 2590,3935 2587,3935 2583,3935 2546,3959 2525,3973 2505,3959 2471,3938 2467,3938 2464,3938 2402,3938 2399,3938 2396,3938 2355,3962 2324,3976 2167,3962 2044,3952 2041,3952 2037,3952 2003,3962 1955,3979 1911,3966 1856,3945 1853,3945 1850,3945 1846,3945 1771,3966 1703,3986 1464,3986 1433,3969 1389,3945 1385,3945 1382,3945 1290,3949 1286,3949 1283,3949 1256,3969 1228,3986 1163,3969 1082,3949 1078,3949 1075,3949 1071,3949 996,3973 931,3993 795,3993 764,3973 730,3952 727,3952 723,3952 720,3952 552,3973 556,4051"/>
        <Baseline points="556,4051 3635,4024"/>
        <TextEquiv>
          <Unicode>Bürger ſchlürpfen nur über die Gaſſen! Hörſt du! Kein lautes</Unicode>
        </TextEquiv>
      </TextLine>

      
      
      <TextLine id="eSc_line_f78a4187" custom="structure {type:default;}">
        <Coords points="559,4242 887,4232 914,4239 1006,4266 1010,4266 1013,4270 1181,4270 1181,4266 1184,4266 1290,4232 1320,4225 1385,4232 1580,4256 1583,4256 1587,4256 1679,4229 1699,4222 1720,4229 1751,4239 1754,4239 1757,4239 1843,4225 1873,4222 1884,4225 1949,4253 1952,4253 1955,4253 2116,4249 2119,4249 2222,4222 2242,4215 2252,4218 2276,4232 2280,4232 2751,4249 2754,4249 2757,4249 2860,4212 2874,4208 2952,4208 2969,4208 3140,4246 3143,4246 3147,4246 3150,4246 3211,4205 3218,4205 3444,4205 3444,4174 3437,4119 3242,4082 3239,4082 3235,4082 3150,4119 3048,4096 3044,4096 3041,4096 2990,4123 2908,4123 2833,4123 2829,4123 2679,4089 2676,4089 2546,4102 2542,4102 2539,4102 2512,4126 2508,4130 2375,4130 2256,4130 2205,4092 2201,4092 2198,4092 2194,4092 2191,4092 2187,4092 2143,4123 2034,4092 2030,4092 2027,4092 1867,4126 1826,4096 1822,4096 1819,4096 1539,4096 1536,4096 1532,4096 1529,4096 1464,4136 1460,4136 1334,4099 1331,4099 1327,4099 1324,4099 1211,4140 1208,4140 1204,4140 1167,4123 1163,4123 1160,4123 1058,4140 1054,4140 986,4102 983,4102 979,4102 976,4102 972,4102 914,4136 812,4106 808,4106 805,4106 802,4106 733,4143 730,4147 559,4147 559,4205 559,4242"/>
        <Baseline points="559,4205 2034,4205 3444,4174"/>
        <TextEquiv>
          <Unicode>Wort. Die Glocke ruft! – Krack das Stäbgen bricht! –</Unicode>
        </TextEquiv>
      </TextLine>

      
      
      <TextLine id="eSc_line_8cdfb612" custom="structure {type:default;}">
        <Coords points="570,4392 570,4464 788,4464 788,4461 791,4461 795,4461 802,4454 866,4413 904,4427 907,4427 911,4427 914,4427 965,4399 1204,4433 1208,4433 1211,4433 1327,4392 1495,4406 1498,4406 1689,4386 1795,4413 1798,4413 1802,4413 1955,4386 2030,4413 2099,4440 2102,4440 2106,4440 2109,4440 2222,4410 2276,4392 2307,4403 2310,4403 2314,4403 2317,4403 2321,4403 2355,4375 2481,4396 2484,4396 2570,4379 2614,4396 2638,4403 2641,4403 2645,4403 2648,4403 2679,4392 2682,4392 2761,4430 2764,4430 2768,4430 2962,4392 3041,4423 3044,4423 3048,4423 3051,4423 3130,4396 3259,4420 3263,4420 3266,4420 3389,4369 3389,4355 3382,4283 2962,4287 2897,4246 2894,4246 2891,4246 2887,4246 2884,4246 2747,4293 2638,4293 2501,4239 2498,4239 2375,4239 2372,4239 2368,4239 2304,4270 2269,4242 2266,4242 2263,4242 2126,4242 2123,4242 2119,4242 2024,4280 1931,4246 1928,4246 1925,4246 1921,4246 1802,4293 1682,4256 1679,4256 1675,4256 1672,4256 1669,4256 1631,4280 1570,4253 1566,4253 1563,4253 1559,4253 1556,4253 1464,4307 1310,4256 1307,4256 1303,4256 1300,4256 1297,4256 1208,4317 1102,4317 1017,4259 1013,4259 1010,4259 1006,4259 822,4266 819,4266 815,4266 771,4300 675,4266 672,4266 669,4266 665,4266 662,4266 566,4317 570,4392"/>
        <Baseline points="570,4392 2143,4345 3389,4355"/>
        <TextEquiv>
          <Unicode>Es zuckt in iedem Nacken die Schärfe die nach meinem</Unicode>
        </TextEquiv>
      </TextLine>

      
      
      <TextLine id="eSc_line_756cce15" custom="structure {type:default;}">
        <Coords points="563,4563 563,4625 785,4584 887,4597 890,4597 894,4597 952,4580 1010,4601 1013,4601 1017,4601 1181,4577 1201,4594 1201,4597 1204,4597 1208,4597 1242,4601 1501,4611 1505,4611 1508,4611 1512,4611 1542,4587 1563,4573 1587,4587 1617,4601 1621,4601 1624,4601 1628,4601 1631,4601 1658,4584 1679,4570 1696,4580 1733,4604 1737,4604 1740,4604 1744,4608 1829,4608 1829,4604 1832,4604 1914,4573 1928,4567 1935,4570 1952,4584 1955,4584 1959,4584 1962,4584 1966,4584 1969,4584 1986,4570 1996,4563 2082,4563 2088,4536 2082,4478 2003,4478 1959,4433 1959,4430 1955,4430 1952,4430 1897,4430 1894,4430 1890,4430 1887,4430 1822,4481 1815,4488 1802,4481 1699,4437 1696,4437 1590,4437 1587,4437 1583,4437 1580,4437 1515,4488 1440,4488 1375,4440 1372,4440 1368,4440 1320,4440 1317,4440 1314,4440 1215,4495 1204,4502 955,4502 952,4502 890,4450 887,4450 884,4450 757,4450 754,4450 750,4450 747,4450 747,4454 696,4509 692,4512 559,4512 563,4563"/>
        <Baseline points="563,4563 2088,4536"/>
        <TextEquiv>
          <Unicode>zuckt! – Die Glocke hör.</Unicode>
        </TextEquiv>
      </TextLine>

      
    </TextRegion>
    

    
  </Page>
</PcGts>
