4096 6144
3095 819 3461 1034 560.
508 914 1655 1102 Daß ich die Felſen faſſte
501 1054 2095 1221 Und ſie zu Trümmern ſchlug
501 1191 2740 1327 Sie! Ihren Frieden muſſt ich untergraben,
501 1293 2409 1467 Du Hölle wollteſt dieſes Opfer haben!
505 1423 2959 1597 Hilf Teufel mir die Zeit der Angſt verkürzen,
491 1559 2812 1754 Mags ſchnell geſchehn was muſſ geſchehn.
491 1696 2955 1873 Mag ihr Geſchick auf mich zuſammenſtürzen.
501 1839 2488 1996 Und ſie mit mir zu Grunde gehn.
1634 1996 1996 2191 Meph:
505 2157 2529 2317 Wie’s wieder brozzelt! wieder glüht!
505 2276 2071 2447 Geh ein und tröſte ſie du Thor
515 2372 2641 2566 Wo ſo ein Köpfgen keinen Ausgang ſieht,
505 2501 2239 2710 Stellt es ſich gleich das Ende vor.
1368 2792 2283 2973 Fauſt, Mephiſtopheles.
1669 3024 2010 3133 Fauſt.
518 3102 3532 3290 Im Elend! Verzweifelnd! Erbärmlich auf der Erde lange verirrt!
484 3259 3621 3426 Als Miſſetäterinn im Kerker zu entſetzlichen Quaalen eingeſperrt,
484 3396 3645 3566 das holde unſeelige Geſchöpf! Biſſ dahin! – Verrätriſcher nichts=
481 3532 3560 3696 würdiger Geiſt, und das haſt du mir verheimlicht! Steh nur,
488 3662 3631 3840 ſteh, wälze die Teufliſchen Augen inngrimmend im Kopf her=
477 3795 3624 3979 um, ſteh und truzze mir durch deine unerträgliche Gegen=
481 3935 3628 4116 wart. Gefangen! Im unwiederbringlichen Elend böſen Geiſtern
501 4085 3618 4283 übergeben, und der richtenden gefühlloſen Menſchheit. Und
488 4239 3618 4427 du wiegſt mich indeſſ in abgeſchmackten Freuden ein, verbirgſt
484 4396 3522 4614 mir ihren wachſenden Jammer, und läſſeſt ſie hülflos
484 4567 1064 4703 verderben.
