4096 6144
1981 875 2263 1090 Meph:
798 983 2058 1172 Sie iſt die erſte nicht!
1986 1088 2317 1293 Fauſt
798 1235 3840 1464 Hund! abſcheuliches Untier! Wandle ihn du unendlicher
802 1406 3850 1576 Geiſt wandle den Wurm wieder in die Hundsgeſtalt in
812 1525 3846 1723 der er ſich nächtlicher Weile offt gefiel vor mir herzutrot
805 1679 3850 1846 dem harmloſen Wandrer vor die Füſſe zu kollern und
805 1809 3850 1966 dem Umſtürzenden ſich auf die Schultern zu hängen
805 1949 3853 2112 Wandl’ ihn wieder in ſeine Lieblings bildung, daſſ er vor
808 2088 3850 2259 mir im Sand auf dem Bauch krieche ich ihn mit Füſſe
802 2239 3850 2389 trete den Verworfnen – Die erſte nicht! – Jammer! Jam
808 2375 3863 2542 mer! von keiner Menſchenſeele zu faſſen daſſ mehr als
826 2505 3860 2717 ein Geſchöpf in die Tiefe dieſes Elends ſank, daſſ nicht
812 2658 3850 2843 das erſte in ſeiner windenden Todtes noth genug that
819 2792 3846 2993 für die Schuld aller übrigen vor den Augen des Ewigen
808 2932 3843 3136 Mir wühlt es Marck und Leben durch das Elend
815 3082 3836 3304 dieſer einzigen und du grinſeſt gelaſſen über das Schick
805 3256 2488 3437 ſaal von Tauſenden hin.
2174 3386 2512 3604 Meph:
808 3505 3853 3723 Gros Hans! nun biſt du wieder am Ende deines Witzes, an dem
846 3648 3802 3860 Fleckgen wo euch Herrn das Köpfgen überſchnappt. Warum
826 3775 3867 3976 machſt du Gemeinſchafft mit uns auswirthſchafften kannſt. Willſt
832 3921 3850 4133 fliegen und der Kopf wird dir ſchwindlich. Eh! drangen wir
832 4089 2426 4280 uns dir auf oder du uns?
2273 4212 2604 4386 Fauſt
829 4300 3850 4509 Bläcke deine gefräſigen Zähne mir nicht ſo entgegen, mir
839 4471 3853 4628 eckelts – Groſer herrlicher Geiſt der du mir zu erſcheinen
829 4604 3836 4778 würdigteſt, der du mein Herz kennſt und meine Seele
