4096 6144
3280 795 3614 955 522.
1495 983 2020 1198 /: es klopft :/
501 1122 2392 1314 O Todt! ich kenns das iſt mein Famulus.
491 1276 2191 1454 Nun werd ich tiefer tief zu nichte,
488 1413 1802 1607 Daß dieſe Fülle der Geſichte
491 1546 2245 1781 Der trokne Schwärmer ſtören muß.
1467 1771 3365 1969 Wagner im Schlafrock und der Nachtmütze,
1474 1938 3372 2167 eine Lampe in der Hand. Fauſt wendet
1481 2054 2116 2290 ſich unwillig.
1368 2263 1785 2433 Wagner.
474 2416 2058 2652 Verzeiht! ich hört euch deklamiren!
484 2587 2443 2805 Ihr last gewiß ein griechiſch Trauerſpiel
477 2720 2512 2959 In dieſer Kunſt mögt ich was profitiren
464 2853 2280 3078 Denn heutzutage würkt das viel.
481 3044 2044 3246 Ich hab es öffters rühmen hören
481 3174 2775 3430 Ein Kom̄ödiant könnt einen Pfarrer lehren.
1385 3379 1682 3614 Fauſt
471 3546 2512 3758 Ja wenn der Pfarrer ein Commödiant iſt.
450 3713 2447 3938 Wie denn wohl zu Zeiten kom̄en mag.
1378 3880 1812 4041 Wagner
457 4048 2761 4235 Ach wenn man in ſein Muſeum gebannt iſt,
471 4201 2590 4396 Und ſieht die Welt kaum einen Feyertag.
457 4372 3263 4567 Man weis nicht eigentlich wie ſie zu guten Dingen
481 4498 2300 4761 Durch Ueberredung hinzubringen.
