4096 6144
3188 778 3498 976 556.
1621 907 2140 1085 Gretgen.
491 1041 686 1242 Ach
1652 1122 2112 1256 Liesgen
699 1191 2324 1368 Ja ſo iſt’s ihr endlich gangen
481 1348 2645 1518 Wie lang hat’s an dem Kerl gehangen!
477 1484 1945 1624 Das war ein geſpazieren
477 1594 2396 1792 Auf Dorf und Tanzplatz führen
481 1764 2228 1908 Muſt überall die erſte ſeyn.
477 1880 3150 2058 Curteſirt ihr immer mit Paſtetgen und Wein.
464 2017 2525 2194 Bildt ſich was auf ihre Schönheit ein.
464 2153 2566 2362 War doch ſo ehrlos ſich nicht zu ſchämen
474 2321 2129 2481 Geſenke von ihn anzunehmen.
460 2450 2205 2621 War ein Gekoß und ein Geſchleck,
488 2583 2433 2768 Ja da iſt dann das Blümgen weg.
1570 2723 2041 2884 Gretgen
447 2819 1286 3048 Das arme Ding.
1563 2925 2071 3130 Liesgen
1266 3068 2597 3235 Bedauer ſie kein Haar
450 3205 2624 3362 Wenn unſer ein’s am Spinnen war
443 3331 2607 3481 Uns Nachts die Mutter nicht n’abe lies
447 3457 2280 3631 Stand ſie bey ihren Bulen ſüs
423 3566 2932 3781 Auf der Thürbanck und dem dunkeln Gang
436 3730 2522 3880 Ward ihnen keine Stund zu lang.
443 3846 2501 4000 Da mag ſie denn ſich ducken nun
436 3969 2508 4154 Im Sünderhemdgen Kirchbus thun.
1611 4126 2133 4307 Gretgen
436 4235 2720 4420 Er nimmt ſie gewiſſ zu ſeiner Frau.
1703 4375 2174 4553 Liesgen
440 4529 2662 4683 Er wär ein Narr. Ein flinker Jung
440 4645 2481 4846 Hatd anderwärts noch Lufft geung.
