4096 6144
3147 788 3495 952 555.
481 942 3007 1095 Weis nicht was mich zunach deinem Willen treibt,
505 1071 2519 1235 Ich habe ſchon für dich ſo viel gethan,
488 1181 2962 1372 Daſſ mir zu thun faſt nichts mehr überbleibt.
3140 1249 3502 1430 /: ab :/
1481 1361 2805 1570 Mephiſtopheles tritt auf :/
481 1484 1715 1766 Der Grasaff iſt er weg!
1634 1655 1952 1843 Fauſt
1870 1774 2993 1955 Haſt wieder ſpionirt.
1675 1921 2000 2116 Meph:
481 2034 2290 2222 Ich habs ausführlich wohl vernommen.
457 2181 2283 2341 Herr Docktor wurden da kathechiſirt.
464 2314 2399 2464 Hoff es ſoll ihnen wohl bekommen.
464 2433 2498 2611 Die Mädels ſind doch ſehr intereſſirt,
453 2573 2891 2754 Ob einer fromm und ſchlicht nach altem Brauch,
460 2723 2979 2894 Sie denken duckt er da, folgt er uns eben auch!
1617 2846 1920 3061 Fauſt
453 3017 1952 3218 Du Ungeheuer ſiehſt nicht ein
450 3170 1914 3362 Wie dieſe Engels liebe Seele
453 3324 1754 3488 Von ihren Glauben voll
457 3454 1252 3618 Der ganz allein
464 3577 2426 3781 Ihr ſeelig machend iſt ſich heilig quäle
450 3744 3109 3932 Daß der nun den ſie liebt verlohren werden ſoll.
1546 3865 1889 4065 Meph:
436 3990 2304 4194 Du überſinnlicher, ſinnlicher Freyer
457 4140 2044 4331 Ein Mägdelein nasführet dich
1592 4280 1884 4490 Fauſt
450 4382 2513 4695 Du Spott geburt von Dreck und Feuer!
