4096 6144
3078 761 3382 983 557.
488 911 1686 1112 Das Schwert im Herzen
477 1075 1594 1204 Mit tauben Schmerzen
488 1184 2314 1344 Blickſt auf zu deines Sohnes Todt!
488 1310 1576 1505 Zum Vater blickſt du
474 1426 1693 1638 Und Seufzer ſchickſt du
481 1566 2245 1805 Hinauf um ſein und deine Noth!
471 1785 1024 2003 Wer fühlet
477 1959 1041 2116 Wie wühlet
474 2058 2222 2259 Der Schmerz mir im Gebein?
474 2201 2331 2413 Was mein armes Herz hier banget,e
474 2334 2027 2532 Was es zittert, was verlangt,
457 2471 2160 2689 Weißt nur du, nur du allein.
471 2703 1679 2870 Wohin ich immer gehe,
460 2836 1918 3031 Wie Weh wie Weh wie wehe
464 2973 1887 3147 Wird mir im Buſen hier.
477 3130 1645 3334 Ich bin ach kaum alleine
484 3287 1853 3481 Ich wein ich wein ich weine
467 3399 1976 3642 Das Herz zerbricht in mir.
460 3590 2095 3809 Die Scherben vor meinem Fenſter
464 3747 1993 3976 Bethaut ich mit Trähnen ach!
460 3911 1768 4106 Als ich am frühen Morgen
457 4041 1757 4259 Dir dieſe Blumen brach
457 4242 2126 4440 Schien hell in meine Kammer
450 4386 1699 4570 Die Sonne früh herauf
450 4519 1860 4700 Saſſ ich in allem Jammer
488 4631 2051 4826 In meinem Bett ſchon auf.
