4096 6144
3184 778 3519 1000 559.
1628 890 2136 1078 Nacht.
911 1061 1966 1262 Vor Gretgens Haus
955 1208 2788 1396 Valentin Soldat Gretgens Bruder.
501 1406 2208 1580 Wenn ich ſo ſas bey ’em Gelag
508 1546 2324 1699 Wo mancher ſich berühmen mag
512 1658 2440 1795 Und all und all mir all den Flor
512 1785 2437 1914 Der Mägdlein mir geprieſen vor
498 1890 2539 2054 Mit vollem Glas das Lob verſchwemmt
518 2013 2594 2191 – Den Ellenbogen aufgeſtemmt
501 2124 2068 2314 Saſſ ich in meiner ſichern Ruh.
501 2252 2155 2426 Hört all dem Schwadroniren zu.
506 2365 2252 2539 Und ſtriche lachend meinen Bart
494 2501 2409 2665 Und kriege das volle Glas zur Hand,
498 2638 2317 2781 Und ſage: alles nach ſeiner Art
491 2757 2293 2891 Aber iſt eine im ganzen Land
491 2860 2385 3020 Die meiner trauten Gretel gleicht
498 2976 2887 3150 Die meiner Schweſter das Waſſer reicht
508 3109 2785 3290 Top! Top! Kling! Klang! das ging herum
505 3242 2164 3396 Die einen ſchrien er hat Recht
484 3362 2577 3522 Sie iſt die Zier vom ganzen Geſchlecht!
506 3466 2268 3665 Da ſaſſen alle die Lober ſtumm.
488 3611 2686 3812 Und iezt! – das Haar ſich auszurauffen
481 3712 2647 3911 Um an den Wänden ’nauf zu lauffen!
494 3846 2157 4055 Mit Stichel reden Naſenrümpfen
488 3956 2341 4174 Soll ieder Schurke mich beſchimpfen,
484 4116 2232 4283 Soll wie ein böſer Schuldner ſitzen
477 4249 2679 4433 Bey iedem Zufalls Wörtgen ſchwizzen.
477 4410 2519 4573 Und ſollt ich ſie zuſam̄en ſchmeiſſen
471 4510 2590 4756 Könnt’ ich ſie doch nicht Lügner heiſſen.
