4096 6144
2075 928 2495 1122 Straſe.
1378 1095 3153 1310 Fauſt, Margarethe vorübergehend.
2085 1334 2423 1454 Fauſt.
839 1454 3078 1634 Mein ſchönes Fräulein darf ichs wagen
846 1604 3177 1802 Mein Arm und Geleit ihr anzutragen.
1989 1764 2727 1966 Margarethe.
863 1935 2672 2109 Bin weder Fräulein weder ſchön
834 2032 3906 2334 Kann ohngeleit nach Hauſe gehn! /: ſie macht ſich los und ab :/
2106 2191 2443 2409 Fauſt
856 2399 2491 2583 Das iſt ein herrlich ſchönes Kind
836 2542 2631 2747 Die hat was in mir angezündt
856 2717 2402 2921 Sie iſt ſo ſittund tugend reich
853 2860 2706 3078 Und etwas ſchnippiſch doch zugleich
853 3037 2553 3246 Der Lippen Roth der Wangen Licht
856 3205 2771 3420 Die Tage der Welt vergeſſ ich’s nicht
846 3386 2747 3580 Wie ſie die Augen niederſchlägt
880 3517 2897 3763 Hat tief ſich in mein Herz geprägt
860 3676 2513 3911 Wie ſie kurz angebunden war
866 3863 2976 4089 Das iſt nun zum Entzücken gar.
1696 4041 3095 4276 Mephiſtopheles tritt auf.
2007 4215 2348 4447 Fauſt
890 4416 2993 4679 Hör du muſt mir die Dirne ſchaffen.
