4096 6144
2051 983 2420 1133 Allee.
1218 1070 3896 1346 Fauſt in Gedanken auf und abgehend zu ihm Mephiſtophe
2119 1244 2426 1438 Meph:
928 1361 3703 1563 Bey aller verſchmähten Lieb! Beym hölliſchen Element!
938 1505 3734 1751 Ich wollt ich wüſſt was ärgers, daß ichs fluchen könnt
2112 1631 2362 1809 Fauſt
928 1771 2993 1979 Was haſt? was petzt dich dann ſo ſehr?
935 1925 3054 2170 So kein Geſicht ſah ich in meinem Leben.
2088 2058 2442 2237 Meph:
959 2198 3184 2433 Ich mögt mich gleich dem Teufel übergeben,
925 2348 2990 2577 Wenn ich nur ſelbſt kein Teufel wär.
2174 2474 2495 2655 Fauſt.
935 2631 2785 2870 Hat ſich dir was im Kopf verſchoben?
938 2771 3252 3034 Es kleidt dich gut das Raſen und das Toben.
2187 2925 2522 3109 Meph:
938 3034 3703 3266 Denckt nur den Schmuck den ich Margreten ſchafft,
938 3188 2607 3372 Den hat ein Pfaff hinweggerafft.
942 3334 2822 3532 Hätt einer auch Engels blut im Leibe,
952 3488 2945 3662 Er würde da zum Heerings Weibe.
931 3614 3092 3826 Die Mutter kriegt das Ding zu ſchauen,
945 3781 3027 3983 Es fängt ihr heimlich an zu grauen.
931 3938 3119 4113 Die Frau hat gar einen feinen Geruch
925 4078 2757 4270 Schnüffelt immer im Gebet buch,
928 4225 2904 4403 Und riechts einem ieden Meubel an
938 4358 2836 4573 Iſt das Ding heilig oder profan.
925 4491 3198 4706 Und an den Schmuck da ſpürt ſie’s klar
