4096 6144
3297 778 3614 972 523.
484 1003 2880 1211 In denen ihr der Menſchheit Schnizzel kräuſelt,
464 1160 2495 1327 Sind neu erquicklich wie der Nebelwind
474 1293 2781 1522 Der herbſtlich durch die dürren Blätter ſäuſelt.
1460 1484 1925 1641 Wagner
471 1617 1812 1812 Ach Gott die Kunſt iſt lang
471 1764 1884 1966 Und kurz iſt unſer Leben!
474 1914 2525 2095 Mir wird bey meinem kritiſchen Beſtreben
474 2044 2174 2242 Doch offt um Kopf und Buſen bang
471 2177 2771 2402 Wie ſchwer ſind nicht die Mittel zu erwerben,
481 2304 2416 2570 Durch die man zu den Quellen ſteigt,
471 2488 2693 2720 Und eh man nur den halben Wēg erreicht,
474 2631 2416 2870 Muß wohl ein armer Teufel ſterben.
1641 2778 1928 2966 Fauſt.
484 2914 2727 3143 Das Pergament iſt daß der heilge Bronnen,
474 3075 2740 3310 Woraus ein Trunk den Durſt auf ewig ſtillt.
471 3242 2211 3454 Erquickung haſt du nicht gewonnen
464 3396 2703 3628 Wenn ſie dir nicht aus eigner Seele quillt.
1515 3580 1983 3741 Wagner
481 3703 2102 3911 Verzeiht es iſt ein gros Ergözzen
477 3860 2607 4051 Sich in den Geiſt der Zeiten zu verſezzen.
481 4027 3092 4205 Zu ſchauen wie vor uns ein weiſer Mann gedacht,
457 4171 3061 4386 Und wie wirs dann zulezt ſo herrlich weit gebracht.
1614 4331 1955 4519 Fauſt
471 4464 1966 4666 O ia bis an die Sterne weit.
