4096 6144
3297 699 3584 925 543.
1559 904 2512 1088 Meph: leiſe zu ihr :/
610 1030 2211 1221 Ich kenn ſie iezt mir iſt das gnung
563 1167 2140 1368 Sie hat da gar vornehmen Beſuch.
570 1297 2447 1515 Verzeiht die Freyheit die ich genommen
570 1430 2286 1665 Will nach Mittage wiederkommen.
1573 1570 2314 1768 Marthe laut :/
576 1720 2348 1908 Denk Kind um alles in der Welt!
576 1846 2471 2071 Der Herr dich für ein Freulein hält.
1597 1976 2205 2164 Margarethe
593 2112 2201 2286 Ich bin ein armes iunges Blut,
573 2242 2402 2413 Ach Gott, der Herr iſt gar zu gut.
576 2362 2897 2573 Der Schmuck und Schmeide Herr iſt nicht mein!
1716 2512 2000 2672 Meph:
566 2607 2150 2809 Ach es iſt nicht der Schmuck allein
580 2730 2778 2945 Sie hat ein Weſen, einen Blick ſo ſcharf.
580 2870 2611 3058 Wie freut michs daß ich bleiben darf.
1669 3031 2044 3164 Marthe
563 3102 2669 3355 Was bringt er dann? Neugierde ſehr.
1716 3259 2048 3416 Meph:
573 3382 2283 3597 Ach wollt hätt eine frohre Mähr!
556 3508 2785 3730 Ich hoff ſie läſſt michs drum nicht büſen!
593 3638 2757 3870 Ihr Mann iſt todt und läßt ſie güſen.
1614 3795 1996 3993 Marthe
604 3904 2392 4096 Iſt todt! Das treue Herz! O weh!
583 4051 2676 4246 Mein Mann iſt todt ach ich vergeh!
1631 4184 2160 4345 Margrethe
587 4334 2495 4529 Ach liebe Frau verzweifelt nicht!
1699 4454 2007 4608 Meph:
580 4556 1938 4860 So hört die traurige Geſchicht.
