4096 6144
3184 774 3467 983 519.
467 1037 2061 1204 Weh! ſteck ich in den Kerker noch
430 1160 1969 1344 Verfluchtes dumpfes Mauerloch
419 1320 2082 1491 Wo ſelbſt das liebe Himmels Licht
423 1443 2164 1641 Trüb durch gemahlte Scheiben bricht.
426 1587 2164 1795 Beſchränkt von all dem Bücherhauff
423 1723 2088 1945 Den Würme nagen, Staub bedekt
419 1870 2095 2085 Und bis ans hohe Gewölb hinauf
419 2037 1921 2232 Mit angeraucht Papier beſteckt
423 2184 2051 2375 Mit Gläſern Büchſen rings beſtellt
423 2334 1935 2549 Mit Inſtrumenten vollgepropft
423 2481 2007 2699 Uhrväter Hausrath drein geſtopft,
426 2624 2467 2843 Das iſt deine Welt, das heiſſt eine Welt!
508 2819 2331 3024 Und fragſt du noch warum dein Herz
426 2949 2211 3164 Sich inn in deinem Buſen klemmt?
419 3136 2099 3310 Warum ein unerklärter Schmerz
426 3263 1908 3461 Dir alle Lebensregung hemmt.
430 3426 1785 3621 Statt all der lebenden Natur
430 3556 2071 3795 Da Gott die Menſchen ſchuf hinein
423 3734 2112 3921 Umgiebt in Rauch und Moder nur
426 3877 1989 4092 Dich Tiergeripp und Todtenbein.
518 4068 2467 4280 Flieh! Auf hinaus in’s weite Land!
426 4225 1880 4406 Und dies geheimniſſvolle Buch
416 4362 1983 4549 Von Noſtradamus eigner Hand
399 4490 2032 4746 Iſt dir das nicht Geleit genung?
