4096 6144
1751 931 3382 1126 Marg: /: wälzt ſich vor ihn hin :/
768 1102 3822 1283 Erbarme dich mein und laß mich leben! Ich bin ſo iung, ſo iung,
750 1239 3792 1426 und war ſchön und bin ein armes iunges Mädgen. Sieh nur
750 1416 3826 1563 einmal die Blumen an, ſieh nur einmal die Kron. Erbarme
747 1559 3819 1781 dich mein! Was hab ich dir gethan? Hab dich mein Tage nicht geſehn.
1993 1733 2433 1918 Fauſt.
744 1870 2450 2068 Sie verirrt und ich vermags nicht.
2017 2044 2437 2194 Marg:
750 2205 3795 2402 Sieh das Kind! Muſſ ich’s doch tränken. Da hatt ich’s eben! Da! Ich
750 2375 3816 2553 habs getränckt! Sie nahmen mirs, und ſagen ich hab es um=
757 2522 3805 2710 gebracht, und ſingen Liedger auf mich! – Es iſt nicht wahr –
761 2686 3833 2874 es iſt ein Märgen das ſich ſo endigt, es iſt nicht auf mich daß Sie’s
757 2887 1536 3037 ſingen.
1962 2884 3587 3119 Fauſt /: der ſich zu ihr hinwirft :/
754 3017 1365 3259 Gretgen!
1935 3123 3256 3307 Marg: / die ſich aufreist :/
754 3246 3812 3495 Wo iſt er ! Ich hab ihn rufen hören! er rief Gretgen! Er rief
757 3457 3805 3642 mir! Wo iſt er! Ach durch all das Heulen und Zähnklappen
764 3580 3812 3795 erkenn ich ihn, er ruft mir: Gretgen! /: Sich vor ihm nieder
764 3754 3751 3983 werfend :/ Mann! Mann! Gieb mir ihn ſchaff mir ihn!
764 3911 1358 4072 Wo iſt er!
1945 4010 3785 4242 Fauſt /: erfaſſt ſie wütend um den Hals :/
764 4167 2164 4341 Meine Liebe! Meine Liebe!
1959 4379 2375 4526 Margr:
1191 4485 3403 4744 /: ſinckt ihr Haupt in ſeinen Schoos verbergend :/
