4096 6144
1378 887 2952 1064 Sie thät ſo manchen Aengſteſprung
1348 1027 2986 1181 Bald hätt das arme Tier genung,
1355 1136 2597 1334 Als hett es Lieb im Leibe.
2041 1372 2362 1505 Chorus
1344 1423 2563 1611 Als hett es Lieb im Leibe
1989 1594 2358 1747 Froſch
1348 1710 2870 1873 Sie kam vor Angſt am hellen Tag
1378 1836 2570 2013 Der Küche zu gelaufen,
1358 1959 3140 2143 Fiel an den Heerd und zuckt und lag
1351 2082 2856 2242 Und thät erbärmlich ſchnauffen.
1351 2201 2880 2402 Da lachte die Vergifftrinn noch:
1344 2358 3048 2542 Ha ſie pfeift auf dem lezten Loch
1338 2471 2686 2655 Als hett ſie Lieb im Leibe.
2165 2595 2488 2780 Chorus
1331 2686 2737 2894 Als hett ſie Lieb im Leibe.
1955 2856 2372 3044 Siebel.
819 2983 3898 3188 Und eine hinlängliche Portion Rattenpulver der Köchin in die Suppe
826 3123 3894 3345 Ich bin nit mitleidig, aber ſo eine Ratte kön̄te einen Stein erbarmen
2061 3276 2488 3447 Brander
826 3389 3880 3624 Selbſt Ratte! Ich möchte den Schmeerbauch ſo am Heerde ſein Seelgen
808 3543 1704 3773 ausblaſen ſehn!
1863 3706 3174 3979 Fauſt, Mephistopheles.
812 4003 3863 4218 Nun ſchau wie ſie’s hier treiben! Wenn dirs gefällt, dergleichen
2146 3928 2498 4106 Meph:
819 4167 2679 4386 Sozietät ſchaff ich dir Nacht nächtlich
2075 4338 2635 4515 Fauſt
819 4427 2071 4659 Guten Abend ihr Herren.
