4096 6144
1058 925 3508 1167 /: ſie fängt an zu ſingen indem ſie ſich auszieht :/
1559 1163 2908 1348 Es war ein König in Tule
1549 1317 3085 1491 Einen goldnen Bächer er Hett
1542 1450 3089 1607 Empfangen von ſeiner Bule
1536 1559 2672 1757 Auf ihrem Todtesbett.
1532 1764 2874 1942 Der Becher war ihm lieber.
1546 1901 3205 2092 Trank draus bey jedem Schmaus.
1539 2061 2983 2225 Die Augen gingen ihm über
1539 2191 2839 2351 So offt er trank daraus.
1556 2344 2955 2536 Und als es kam zu ſterben
1597 2484 3188 2689 Zählt’ er ſeine Städt und Reich
1556 2628 2996 2812 Gönnt alles ſeinen Erben
1556 2768 2897 2966 Den Becher nicht zugleich.
1570 2976 3007 3167 Er ſas beym Königs Mahle
1556 3102 2737 3297 Die Ritter um ihn her
1553 3263 2925 3433 Aauf hohem Väter Saale
1549 3382 3252 3604 Dort auf dem Schloſſ am Meer.
1566 3587 2901 3771 Dort ſtand der alte Zecher
1573 3761 2757 3949 Trank lezte Lebens glut
1559 3904 2990 4099 Und warf den heilgen Becher
1573 4072 2819 4232 Hinunter in die Flut.
1576 4232 3024 4437 Er ſah ihn ſtürzen, trincken,
1563 4365 3020 4539 Und ſinken tief ins Meer
1559 4481 2986 4720 Die Augen tähten ihn ſinken
1576 4645 3229 4850 Trank nie einen Tropfen mehr.
