4096 6144
757 1092 2385 1276 Auch hab ich weder Gut noch Geld
757 1232 2638 1419 Noch Ehr und Herrlichkeit der Welt.
768 1361 2696 1549 Es mögt kein Hund ſo länger leben
762 1505 2846 1710 Drum hab ich mich der Magie ergeben
761 1645 2884 1856 Ob mir durch Geiſtes Krafft und Mund
768 1795 2795 1993 Nicht manch Geheimniß werde kund.
757 1938 2839 2164 Daß ich nicht mehr mit ſauren Schweis
757 2085 2508 2314 Rede von dem was ich nicht weis.
761 2276 2355 2474 Daß ich erkenne was die Welt
768 2426 2355 2614 Im innerſten zuſammenhält
761 2549 2809 2761 Schau alle Würkungskrafft und Saamen
747 2706 2792 2925 Und thu nicht mehr in Worten kramen.
843 2904 2437 3102 O ſähſt du voller Mondenſchein
762 3046 2565 3235 Zum lezten mal auf meine Pein
761 3194 2358 3406 Den ich ſo manche Mitternacht
754 3341 2402 3546 An dieſen Pult heran gewacht.
754 3498 2355 3720 Dann über Bücher und Papier
762 3609 2816 3860 Trübſeelger Freund erſchienſt du mir.
757 3802 2501 4020 Ach könnt ich doch auf Berges Höhn
764 3969 2276 4171 In deinem lieben Lichte gehn
761 4119 2764 4290 Um Bergeshöhl mit Geiſtern ſchweben
757 4273 2819 4423 Auf Wieſen in deinem Dämmer weben
768 4382 2699 4560 Von all dem Wiſſensqualm entladen
764 4522 2751 4741 In deinem Thau geſund mich baden.
