4096 6144
3181 785 3498 972 545.
464 904 2426 1116 Ein ſchönes Fräulein nahm ſich ſeiner an,
433 1071 2525 1232 Als er in Napel fremd umher ſpazierte,
440 1187 2590 1372 Sie hat an ihm, viel Liebs und Treu gethan,
433 1320 2611 1498 Daſſ er’s bis an ſein ſeelig Ende ſpürte.
1529 1457 1976 1600 Marthe.
430 1553 2662 1733 Der Schelm! der Dieb an ſeinen Kindern!
416 1699 1761 1877 Auch alles Elend alle Noth
419 1815 2805 2007 Konnt nicht ſein ſchändlich Leben hindern.
1505 1914 1904 2129 Meph:
402 2020 2211 2211 Ja ſeht! dafür iſt er nun Todt.
406 2167 2525 2344 Wär ich nur iezt an eurem Platze
423 2297 2225 2461 Betrauert ihn ein züchtig Jahr,
409 2413 3314 2614 Viſirt dann unterweil nach einem neuen Schatze.
1604 2542 2048 2703 Marthe
402 2669 2577 2833 Ach Gott! Wie doch mein erſter war,
399 2798 3300 2966 Find’ ich nicht leicht auf dieſer Welt den andern.
426 2918 3068 3116 Es konnte kaum ein herzger Närgen ſeyn
426 3075 3345 3246 Ihm fehlte nichts als allzugern zu wandern
395 3211 2805 3365 Und fremde Weiber und der Wein,
392 3324 2515 3508 Und das verfluchte Würfel Spiel.
1587 3456 1950 3619 Meph:
382 3546 2515 3727 Nun, nun das konnte gehn und ſtehen,
372 3706 2307 3857 Wenn er euch ohngefähr ſo viel,
389 3822 2109 4010 Von ſeiner Seite nach geſehen.
389 3956 2430 4136 Ich ſchwör euch zu um das Geding,
365 4092 2484 4273 Wechſelt ich ſelbſt mit euch den Ring.
1399 4218 1925 4386 Marthe
392 4355 2522 4532 O es beliebt den Herrn zu ſcherzen
1440 4502 2351 4659 Meph: / vor ſich :/
378 4604 2546 4829 Nun mach ich mich bey Zeiten fort
