4096 6144
3229 723 3587 911 542.
1457 887 2327 1095 Nachbarinn Haus.
1655 1068 2143 1221 Marthe.
576 1194 2440 1382 Gott verzeihs meinem lieben Mann
600 1324 2570 1532 Er hat an mir nicht wohl gethan
583 1457 2560 1648 Geht da ſtracks in die Welt hinein
576 1587 2614 1757 Und läßt mich auf dem Stroh allein.
583 1720 2331 1925 Thät ihn doch warrlich nicht betrüben
566 1853 2549 2095 Thät ihn weis Gott recht herzlich lieben.
2624 1921 3239 2119 /: ſie weint :/
583 2030 2430 2232 Vielleicht iſt er gar todt! – O Pein!
583 2338 2399 2583 Hätt ich nur einen Todtenſchein!
1590 2491 2563 2699 Margrethe kommt.
566 2645 1283 2887 Frau Marthe!
1597 2754 2037 2952 Marthe.
1392 2870 2478 3078 Gretgen was ſolls?
1652 3027 2276 3177 Margrethe.
539 3147 2283 3375 Faſt ſinken mir die Knie nieder
563 3300 2399 3498 Da find ich ſo ein Käſtgen wieder
559 3440 2484 3659 In meinem Schrein von Ebenholz,
552 3607 2447 3778 Und Sachen herrlich ganz und gar
546 3734 2379 3928 Weit reicher als das erſte war.
1645 3867 2088 4003 Marthe.
552 3973 2457 4188 Das muß ſie nit der Mutter ſagen
556 4130 2635 4365 Thäts wieder gleich zur Beichte tragen
1624 4270 2215 4410 Margrethe.
546 4406 2471 4655 Ach ſeh ſie nur! ach ſchau ſie nur!
