4096 6144
1877 969 2925 1187 Marthe putzt ſie auf.
853 1122 2150 1331 O du glückſeelige Creatur!
2027 1259 2696 1413 Margarethe
849 1336 2795 1566 Darf mich ach leider auf der Gaſſen
856 1495 2938 1716 Nicht in der Kirch mit ſehen laſſen.
2054 1652 2495 1805 Marthe
839 1761 2990 1925 Komm du nur offt zu mir herüber,
863 1890 3102 2054 Und leg den Schmuck hier heimlich an;
856 2007 3829 2205 Spazier ein Stündgen lang dem Spiegelglas vorüber,
853 2143 2693 2331 Wir haben unſre Freude dran.
849 2257 3466 2457 Und dann giebts einen Anlas giebts ein Feſt
856 2423 3655 2614 Wo mans ſo nach und nach den Leuten ſehen läſſt.
866 2563 3211 2751 Ein Kettgen erſt, die Perle dann in’s Ohr,
866 2703 3829 2938 Die Mutter ſiehts wohl nicht man macht ihr auch was vo
2239 2850 2846 3058 /: Es klopft :/
1979 3000 2573 3150 Margrete.
870 3130 2996 3341 Ach Gott! mag das mein’ Mutter ſeyn?
2007 3283 3809 3519 Marthe /: durchs Vorhängel gukend :/
877 3461 2778 3669 Es iſt ein fremder Herr – Herein!
1921 3601 3273 3853 Mephiſtopheles tritt auf :/
884 3809 2897 4003 Bin ſo frey grad herein zu treten
870 3945 3143 4140 Muſſ bey den Fraun Verzeihn erbeten.
1153 4089 3403 4300 /: tritt ehrbietig vor Margreten zurük. :/
866 4235 3215 4488 Wollt nach Frau Marthe Schwerdlein fragen!
2007 4420 2450 4573 Marthe
863 4519 2949 4747 Ich bin’s, was hat der Herr zu ſagen.
