4096 6144
1972 887 2273 1044 Meph:
781 976 3809 1163 Ich führe dich und was ich thun kann höre! Hab ich alle Macht im
781 1122 3826 1286 Himmel und auf Erden? Des Türners Sinne will ich umneblen,
781 1242 3850 1419 bemächtige dich der Schlüſſel und führe ſie heraus mit Menſchenhan
774 1382 3792 1587 Ich wach und halte dir die Zauber Pferde bereit. Das vermag ich.
2037 1522 2372 1727 Fauſt
761 1652 1631 1826 Auf und davon.
1761 1843 2604 2071 Nacht. Offen Feld.
1273 2030 2969 2232 Fauſt, Mephiſtopheles auf ſchwarzen
1563 2181 2696 2375 Pferden daher brauſend.
1952 2341 2283 2546 Fauſt.
778 2512 2757 2713 Was weben die dort um den Rabenſtein?
1991 2677 2273 2856 Meph:
778 2795 2699 2979 Weis nicht was ſie kochen und ſchaffen.
1983 2942 2300 3136 Fauſt
771 3082 2955 3304 Schweben auf und ab. Neigen ſich beugen ſich.
1983 3246 2314 3450 Meph:
778 3375 1778 3570 Eine Hexenzunft!
2017 3444 2351 3665 Fauſt.
771 3604 2095 3840 Sie ſtreuen und weihen!
2034 3792 2362 4014 Meph:
781 3921 1682 4147 Vorbey! Vorbey!
2075 4136 2498 4345 Kerker.
976 4290 3324 4474 Fauſt mit einem Bund Schlüſſel und einer Lampe
1276 4440 2819 4608 an einem eisernen Türgen.
802 4556 3764 4795 Es faſſt mich längſt verwohnter Schauer. Inneres Grauen der
