4096 6144
3280 757 3584 911 533.
1512 894 1867 1088 Fauſt.
527 1029 1699 1254 Schafft mir einen Bohrer.
1576 1153 1873 1331 Froſch
532 1252 3413 1549 Der Wirth hat ſo ein Körbel mit Werckzeug in der Ecke ſtehn.
1583 1433 2918 1652 Fauſt. nimmt den Bohrer
529 1621 2355 1877 Gut! Was verlangt ihr für Wein?
1614 1774 1952 1996 Froſch
529 1972 822 2153 He!
1672 2020 1962 2205 Fauſt
515 2106 3539 2420 Was für ein Gläsgen mögtet ihr trinken? Ich ſchaffs euch!
1716 2341 2037 2529 Froſch.
549 2433 3119 2699 He! He! So ein Glas Reinwein ächten Nierenſteiner.
1715 2590 2037 2790 Fauſt
535 2679 3703 3013 Gut! /: er bohrt in den Tiſch an Froſchens Seite :/ Nun ſchafft Wachs!
1768 2911 2075 3058 Alten
532 3013 1911 3276 Da ein Kerzen ſtümpfgen.
1778 3092 2106 3314 Fauſt
532 3246 2821 3558 So! /: er ſtopft das Loch :/ Halt iezzo! – und ihr?
1771 3467 2078 3642 Siebel
525 3508 3720 3836 Muskaten Wein! Spaniſchen Wein ſonſt keinen Tropfen.
546 3734 2580 3993 Ich will nur ſehn wo das hinaus läufft.
1730 3808 3182 4126 Fauſt /: bohrt und verſtopft :/
549 4089 1426 4287 Was beliebt euch.?
1778 4147 2112 4297 Alten
546 4225 3645 4529 Rothen Wein! Einen Franzöſiſchen! – Die Franzoſen kann ich
563 4399 3181 4703 nicht leiden, ſo groſen Reſpeckt ich vor ihren Wein hab.
