4096 6144
3123 805 3426 969 554.
1590 901 2068 1092 Gretgen.
481 1037 2399 1218 Seine Gegenwart bewegt mir das Blut
491 1163 2194 1351 Ich bin ſonſt allen Menſchen gut
477 1310 2505 1477 Aber wie ich mich ſehne dich zu ſchauen
481 1447 2870 1611 Hab ich vor den Menſchen ein heimlich Grauen.
477 1580 2525 1757 Und halt ihn für einen Schelm dazu.
474 1710 2932 1914 Gott verzeih mir’s wenn ich ihm Unrecht thu.
1733 1880 2058 2051 Fauſt.
474 1989 2536 2208 Es iſt ein Kautz wie’s mehr noch geben.
1720 2167 2143 2314 Gretgen.
471 2276 2402 2461 Mögt nicht mit ſeines Gleichen leben.
460 2416 2372 2597 Kommt er einmal zur Thür herein
474 2542 2245 2768 Er ſieht immer ſo ſpöttiſch drein
467 2727 1419 2897 Und halb ergrimmt
464 2788 3092 3048 Man ſieht daß er an nichts keinen Antheil nimmt.
474 2952 2358 3201 Es ſteht ihn an der Stirn geſchrieben
471 3109 2304 3334 Daſſ er nicht mag eine Seele lieben.
474 3283 2225 3457 Mir wirds ſo wohl in deinem Arm
464 3420 1966 3594 So frey, ſo hingegeben warm,
464 3529 2693 3751 Und ſeine Gegenwart ſchürt mir das Innre zu.
1573 3648 1877 3836 Fauſt.
477 3788 1901 4000 Du ahndungs voller Engel du.
1597 3935 2041 4119 Gretgen
464 4089 1836 4256 Das übermannt mich ſo ſehr
460 4225 2030 4392 Daſſ wo er mag zu uns treten,
460 4355 2433 4543 Meyn ich ſo gar ich liebte dich nicht mehr.
460 4481 2891 4686 Auch wenn er da iſt könnt ich nimmer beten.
