<?xml version="1.0" encoding="UTF-8"  standalone="yes"?>
<PcGts xmlns="http://schema.primaresearch.org/PAGE/gts/pagecontent/2019-07-15" xmlns:xsi="http://www.w3.org/2001/XMLSchema-instance" xsi:schemaLocation="http://schema.primaresearch.org/PAGE/gts/pagecontent/2019-07-15 http://schema.primaresearch.org/PAGE/gts/pagecontent/2019-07-15/pagecontent.xsd">
  <Metadata>
	<Creator>escriptorium</Creator>
	<Created>2023-07-09T09:46:59.585027+00:00</Created>
        <LastChange>2023-07-09T09:46:59.585040+00:00</LastChange>

  </Metadata>
  <Page imageFilename="0049.jpg" imageWidth="4096" imageHeight="6144">

    
    <TextRegion id="eSc_textblock_b4d0e20c"  custom="structure {type:text;}">
      <Coords points="2467,955 2713,1064 2727,1320 2604,1406 2563,1539 2594,1597 2863,1652 2918,1720 2836,2304 2932,2525 2932,2973 3068,3167 3041,3505 3095,3792 3765,3849 3765,4118 3723,4188 3208,4229 3191,4270 3259,4297 3150,4341 3437,4437 3723,4642 3669,4775 3450,4857 3126,4857 3112,4765 2973,4693 832,4652 832,1051 914,955"/>
      
      
      <TextLine id="eSc_line_17b2144e" custom="structure {type:default;}">
        <Coords points="2259,955 2256,955 2211,979 2099,959 2095,959 2092,959 2088,959 2024,1003 2020,1003 2013,1003 1928,979 1925,979 1921,979 1918,979 1846,1003 1829,1006 1822,1003 1771,962 1768,962 1764,962 1761,962 1600,965 1597,965 1525,1003 1505,1013 1361,1013 1338,1003 1297,983 1293,983 1290,983 1286,983 1283,983 1262,1003 1245,1017 1071,1017 1044,1003 1003,972 1000,972 996,972 993,972 870,996 849,1024 853,1082 853,1099 2549,1092 2549,1061 2542,1003 2263,955 2259,955"/>
        <Baseline points="853,1082 2549,1061"/>
        <TextEquiv>
          <Unicode>Als wenns ein Korb voll Nüſſe wär,</Unicode>
        </TextEquiv>
      </TextLine>

      
      
      <TextLine id="eSc_line_94293910" custom="structure {type:default;}">
        <Coords points="860,1225 860,1249 1000,1300 1003,1300 1006,1300 1307,1293 1310,1293 1433,1249 1484,1232 1621,1245 1624,1245 1628,1245 1696,1228 1723,1245 1727,1245 1730,1245 1733,1245 1737,1245 1781,1221 2058,1218 2092,1249 2116,1269 2116,1273 2119,1273 2123,1273 2126,1273 2129,1273 2174,1252 2232,1269 2235,1269 2239,1269 2242,1269 2245,1269 2245,1266 2266,1249 2293,1218 2358,1211 2420,1249 2447,1266 2450,1266 2454,1266 2457,1266 2553,1262 2556,1262 2560,1262 2560,1259 2577,1249 2597,1228 2713,1245 2717,1191 2713,1088 2553,1078 2549,1078 2546,1078 2542,1078 2525,1092 2484,1126 2440,1126 2399,1099 2375,1082 2372,1082 2368,1082 2365,1082 2201,1085 2198,1085 2194,1085 2170,1105 2136,1129 2041,1109 1942,1092 1938,1092 1935,1092 1931,1092 1897,1116 1863,1140 1723,1140 1696,1122 1672,1105 1669,1105 1665,1105 1662,1105 1658,1105 1655,1105 1634,1126 1614,1143 1450,1146 1423,1133 1372,1105 1368,1105 1365,1105 1361,1105 1358,1105 1331,1126 1232,1109 1228,1109 1225,1109 1221,1109 1167,1143 1143,1157 1058,1157 1044,1146 1003,1116 1000,1116 996,1116 935,1116 931,1116 928,1116 853,1146 860,1225"/>
        <Baseline points="860,1225 2048,1187 2717,1191"/>
        <TextEquiv>
          <Unicode>Verſprach ihnen allen himmliſchen Lohn,</Unicode>
        </TextEquiv>
      </TextLine>

      
      
      <TextLine id="eSc_line_99da4611" custom="structure {type:default;}">
        <Coords points="863,1378 866,1430 931,1409 969,1426 1017,1447 1020,1447 1024,1447 1157,1443 1160,1443 1163,1443 1204,1413 1235,1392 1259,1413 1293,1440 1297,1440 1300,1440 1303,1440 1454,1437 1457,1437 1460,1437 1522,1399 1532,1392 1812,1375 1853,1382 2027,1419 2030,1419 2034,1419 2140,1368 2314,1358 2314,1344 2307,1280 2259,1280 2252,1280 2211,1249 2208,1249 2205,1249 2201,1249 2198,1249 2140,1276 2102,1239 2102,1235 2099,1235 2095,1235 2044,1235 2041,1235 2037,1235 1996,1259 1976,1239 1972,1239 1969,1239 1966,1239 1843,1242 1839,1242 1836,1242 1836,1245 1795,1283 1788,1286 1778,1283 1751,1262 1747,1262 1744,1262 1740,1262 1737,1262 1689,1283 1655,1297 1628,1283 1573,1252 1570,1252 1566,1252 1563,1252 1559,1252 1512,1283 1484,1303 1262,1307 1239,1286 1225,1276 1225,1273 1221,1273 1218,1273 1215,1273 1211,1273 1208,1273 1194,1286 1160,1314 1013,1314 983,1286 965,1273 965,1269 962,1269 959,1269 955,1269 856,1286 863,1378"/>
        <Baseline points="863,1378 1768,1341 2314,1344"/>
        <TextEquiv>
          <Unicode>Sie wahren ſehr erbaut davon.</Unicode>
        </TextEquiv>
      </TextLine>

      
      
      <TextLine id="eSc_line_b62182ed" custom="structure {type:default;}">
        <Coords points="2300,1344 2293,1344 2235,1385 2205,1406 2129,1406 2133,1488 2133,1529 2420,1546 2423,1546 2426,1546 2430,1546 2457,1525 2457,1481 2450,1341 2331,1327 2327,1327 2324,1327 2321,1327 2300,1338 2300,1344"/>
        <Baseline points="2133,1488 2457,1481"/>
        <TextEquiv>
          <Unicode>Fauſt</Unicode>
        </TextEquiv>
      </TextLine>

      
      
      <TextLine id="eSc_line_23dd36b5" >
        <Coords points="860,1648 860,1704 931,1756 936,1756 942,1756 947,1761 1039,1761 1039,1756 1044,1756 1162,1725 1244,1745 1249,1745 1254,1745 1259,1745 1264,1745 1346,1684 1351,1684 1592,1684 1592,1628 1576,1520 1387,1551 1361,1530 1341,1515 1336,1515 1331,1515 1326,1515 1182,1541 1162,1546 1146,1546 1049,1520 1044,1520 1039,1520 1034,1520 1029,1520 1029,1525 998,1556 993,1566 855,1566 860,1648"/>
        <Baseline points="864,1653 1596,1629"/>
        <TextEquiv>
          <Unicode>Und Gretgen?</Unicode>
        </TextEquiv>
      </TextLine>

      
      
      <TextLine id="eSc_line_5e95badb" >
        <Coords points="2094,1761 2201,1740 2227,1751 2283,1771 2288,1771 2293,1771 2298,1771 2391,1730 2391,1694 2385,1566 2094,1582 2094,1694"/>
        <Baseline points="2099,1696 2395,1699"/>
        <TextEquiv>
          <Unicode>Meph:</Unicode>
        </TextEquiv>
      </TextLine>

      
      
      <TextLine id="eSc_line_d91c1a83" custom="structure {type:default;}">
        <Coords points="1843,1884 1979,1880 1983,1880 1986,1880 1989,1877 2048,1839 2123,1860 2126,1860 2129,1860 2133,1860 2136,1860 2164,1836 2225,1860 2228,1860 2232,1860 2235,1860 2351,1832 2420,1850 2474,1863 2478,1863 2481,1863 2484,1863 2570,1839 2594,1832 2600,1839 2621,1856 2621,1860 2624,1860 2628,1860 2631,1863 2723,1863 2723,1860 2727,1860 2730,1860 2778,1826 2781,1826 2785,1826 2829,1843 2833,1843 2836,1843 2839,1843 2894,1819 2894,1798 2884,1710 2734,1713 2730,1713 2658,1675 2655,1675 2652,1675 2648,1675 2570,1696 2486,1647 2447,1727 2443,1727 2440,1727 2229,1768 2167,1760 2164,1760 2160,1760 2030,1716 1959,1689 1955,1689 1952,1689 1949,1689 1839,1727 1843,1822"/>
        <Baseline points="1843,1822 2894,1798"/>
        <TextEquiv>
          <Unicode>Sitzt nun unruhvoll</Unicode>
        </TextEquiv>
      </TextLine>

      
      
      <TextLine id="eSc_line_3d731e6c" custom="structure {type:default;}">
        <Coords points="856,1959 856,1986 1348,1996 1351,1996 1355,1996 1416,1979 1437,1972 1457,1976 1525,1996 1529,1996 1532,1996 1536,1996 1621,1976 1645,1969 1655,1972 1689,1989 1693,1989 1696,1989 1699,1989 1737,1972 1744,1969 1757,1972 1815,1986 1819,1986 1822,1986 1826,1986 1829,1986 1850,1969 1856,1966 1887,1969 1979,1983 1983,1983 2078,1966 2106,1962 2116,1966 2167,1986 2170,1986 2174,1989 2314,1989 2314,1986 2317,1986 2321,1986 2321,1983 2341,1966 2372,1983 2375,1983 2379,1983 2382,1983 2607,1955 2607,1935 2597,1815 2481,1839 2454,1819 2450,1819 2447,1819 2443,1819 2423,1819 2321,1822 2317,1822 2215,1873 2140,1832 2136,1832 2133,1832 2129,1832 2041,1880 1846,1880 1802,1860 1798,1860 1795,1860 1792,1860 1751,1880 1686,1839 1682,1839 1679,1839 1675,1839 1672,1839 1590,1884 1542,1867 1539,1867 1536,1867 1532,1867 1464,1884 1413,1839 1406,1836 1406,1832 1402,1832 1399,1832 1396,1832 1297,1836 1293,1836 1290,1836 1283,1843 1221,1890 1140,1890 1061,1846 1044,1839 1041,1839 1037,1839 853,1850 856,1959"/>
        <Baseline points="856,1959 2607,1935"/>
        <TextEquiv>
          <Unicode>Weis weder was ſie will noch ſoll</Unicode>
        </TextEquiv>
      </TextLine>

      
      
      <TextLine id="eSc_line_ab03821c" custom="structure {type:default;}">
        <Coords points="860,2102 860,2119 935,2136 938,2136 1027,2119 1047,2116 1058,2119 1088,2133 1092,2133 1095,2133 1293,2119 1348,2157 1351,2157 1355,2157 1358,2160 1508,2160 1508,2157 1624,2153 1628,2153 1631,2153 1689,2116 1706,2106 1979,2106 1989,2112 2020,2140 2020,2143 2024,2143 2027,2143 2030,2146 2143,2146 2143,2143 2146,2143 2150,2143 2194,2112 2222,2092 2324,2109 2362,2116 2365,2116 2368,2116 2385,2109 2420,2099 2467,2109 2515,2119 2519,2119 2522,2119 2525,2119 2539,2109 2549,2102 2556,2109 2580,2129 2580,2133 2583,2133 2587,2133 2590,2133 2594,2133 2658,2109 2706,2092 2812,2106 2816,2061 2809,1966 2734,1962 2730,1962 2727,1962 2723,1962 2717,1969 2645,2013 2577,1976 2560,1966 2556,1966 2488,1966 2484,1966 2481,1966 2478,1966 2461,1979 2406,2020 2317,2024 2174,2024 2143,1993 2126,1979 2126,1976 2123,1976 2119,1976 2116,1976 2112,1976 2058,1996 2048,2003 2041,2000 2007,1976 2003,1976 2000,1976 1996,1976 1928,1979 1925,1979 1921,1979 1921,1983 1894,2007 1870,2030 1836,2030 1798,2010 1757,1983 1754,1983 1751,1983 1672,1983 1669,1983 1665,1983 1662,1983 1662,1986 1624,2017 1607,2034 1566,2020 1536,2010 1532,2010 1529,2010 1467,2020 1396,1989 1392,1989 1389,1989 1385,1989 1382,1989 1324,2030 1310,2041 1290,2034 1187,1993 1184,1993 1181,1993 1112,1996 1109,1996 1105,1996 1105,2000 1061,2044 1058,2048 856,2051 860,2102"/>
        <Baseline points="860,2102 2816,2061"/>
        <TextEquiv>
          <Unicode>nkt ans Geſchmeide Tag und Nacht,</Unicode>
        </TextEquiv>
      </TextLine>

      
      
      <TextLine id="eSc_line_c9240d65" custom="structure {type:default;}">
        <Coords points="863,2235 863,2266 904,2300 907,2300 911,2300 914,2304 979,2304 979,2300 983,2300 986,2300 986,2297 1030,2259 1030,2256 1034,2259 1136,2297 1140,2297 1143,2297 1242,2293 1245,2293 1341,2256 1365,2249 1419,2256 1467,2263 1471,2263 1525,2256 1614,2245 1631,2256 1652,2269 1655,2269 1658,2269 1662,2269 1665,2269 1689,2256 1716,2242 1785,2256 1836,2266 1839,2266 1843,2266 1870,2256 1894,2245 1918,2256 1969,2280 1972,2280 1976,2280 2099,2256 2201,2235 2245,2256 2263,2263 2266,2263 2269,2263 2273,2263 2300,2256 2365,2235 2406,2256 2437,2269 2440,2269 2443,2269 2706,2252 2706,2198 2703,2106 2672,2092 2669,2092 2665,2092 2662,2092 2618,2109 2549,2136 2525,2112 2512,2102 2512,2099 2508,2099 2505,2099 2443,2095 2440,2095 2437,2095 2433,2095 2433,2099 2413,2116 2399,2129 2297,2143 2239,2123 2177,2102 2174,2102 2170,2102 2167,2102 2164,2102 2129,2126 2102,2150 2061,2150 2027,2133 1979,2106 1976,2106 1884,2106 1880,2106 1877,2106 1873,2106 1873,2109 1843,2140 1829,2153 1795,2140 1703,2109 1699,2109 1696,2109 1693,2109 1689,2109 1634,2146 1614,2160 1522,2164 1368,2164 1358,2157 1297,2119 1293,2119 1290,2119 1286,2119 1283,2119 1194,2164 1191,2167 1187,2164 1119,2123 1116,2123 1112,2123 1041,2123 1037,2123 1034,2123 976,2143 945,2129 942,2129 938,2129 935,2129 931,2129 860,2167 863,2235"/>
        <Baseline points="863,2235 2706,2198"/>
        <TextEquiv>
          <Unicode>Noch mehr an den ders ihr gebracht.Fauſt.</Unicode>
        </TextEquiv>
      </TextLine>

      
      
      <TextLine id="eSc_line_79b95fe7" custom="structure {type:default;}">
        <Coords points="2106,2358 2106,2440 2249,2440 2252,2440 2256,2440 2290,2416 2327,2396 2423,2396 2426,2348 2416,2252 2365,2256 2362,2256 2358,2256 2358,2259 2297,2307 2102,2293 2106,2358"/>
        <Baseline points="2106,2358 2426,2348"/>
        <TextEquiv>
          <Unicode>Fauſt.</Unicode>
        </TextEquiv>
      </TextLine>

      
      
      <TextLine id="eSc_line_345d3499" custom="structure {type:default;}">
        <Coords points="863,2488 863,2508 1850,2498 1856,2501 1884,2515 1887,2515 1890,2519 2304,2519 2304,2515 2396,2498 2461,2515 2464,2515 2467,2515 2652,2491 2655,2474 2652,2355 2618,2355 2614,2355 2611,2355 2607,2355 2607,2358 2563,2402 2498,2375 2495,2375 2491,2375 2488,2375 2484,2375 2433,2409 2181,2409 2126,2372 2109,2358 2106,2358 2102,2358 2017,2358 2013,2358 2010,2358 2007,2358 1983,2375 1931,2409 1781,2409 1737,2385 1682,2358 1679,2358 1675,2358 1539,2362 1536,2362 1532,2362 1498,2392 1488,2402 1474,2392 1447,2379 1443,2379 1440,2379 1327,2385 1252,2365 1249,2365 1245,2365 1242,2365 1211,2382 1191,2362 1187,2362 1184,2362 1181,2362 1177,2362 1068,2392 1034,2362 1030,2362 1027,2362 972,2362 969,2362 965,2362 962,2362 962,2365 911,2413 860,2413 863,2488"/>
        <Baseline points="863,2488 1518,2471 2655,2474"/>
        <TextEquiv>
          <Unicode>Des Liebgens Kummer thut mir leid</Unicode>
        </TextEquiv>
      </TextLine>

      
      
      <TextLine id="eSc_line_4f5971fc" custom="structure {type:default;}">
        <Coords points="866,2621 866,2689 935,2689 935,2686 938,2686 942,2686 942,2682 993,2638 1047,2655 1051,2655 1054,2655 1058,2655 1061,2655 1092,2631 1174,2648 1177,2648 1181,2648 1218,2635 1273,2679 1276,2682 1280,2682 1283,2682 1286,2682 1317,2679 1389,2665 1447,2676 1491,2682 1495,2682 1498,2682 1501,2682 1512,2676 1549,2648 1628,2672 1655,2679 1658,2679 1662,2679 1665,2679 1669,2679 1669,2676 1675,2672 1730,2624 1908,2638 1911,2638 1914,2638 1989,2621 2153,2662 2222,2676 2225,2676 2365,2672 2368,2672 2406,2655 2430,2645 2454,2655 2464,2658 2467,2658 2471,2658 2474,2658 2478,2658 2478,2655 2481,2655 2512,2624 2532,2638 2536,2638 2539,2638 2542,2641 2542,2638 2546,2638 2549,2638 2577,2618 2809,2614 2884,2645 2891,2590 2880,2498 2788,2529 2672,2529 2628,2501 2607,2484 2604,2484 2600,2484 2597,2484 2594,2484 2590,2484 2566,2501 2519,2532 2324,2532 2297,2505 2276,2488 2276,2484 2273,2484 2269,2484 2266,2484 2263,2484 2259,2484 2259,2488 2242,2505 2222,2525 1914,2536 1853,2532 1826,2508 1805,2491 1802,2491 1798,2491 1795,2491 1675,2508 1624,2491 1621,2491 1617,2491 1614,2491 1573,2512 1522,2539 1484,2512 1460,2495 1457,2495 1454,2495 1239,2495 1235,2495 1232,2495 1228,2495 1228,2498 1211,2515 1208,2519 1208,2515 1191,2501 1191,2498 1187,2498 1184,2498 1116,2498 1112,2498 1109,2498 1105,2498 1082,2519 1064,2529 1051,2519 1030,2501 1030,2498 1027,2498 1024,2498 887,2498 884,2498 880,2498 877,2498 863,2508 866,2621"/>
        <Baseline points="866,2621 1573,2590 2891,2590"/>
        <TextEquiv>
          <Unicode>Schaff du ihr gleich ein neu Geſchmeid.</Unicode>
        </TextEquiv>
      </TextLine>

      
      
      <TextLine id="eSc_line_47e29617" custom="structure {type:default;}">
        <Coords points="860,2744 860,2785 1116,2757 1140,2778 1143,2778 1146,2778 1150,2778 1153,2778 1187,2761 1235,2778 1239,2778 1242,2778 1245,2778 1249,2778 1249,2775 1269,2757 1655,2771 1658,2771 1662,2771 1665,2771 1693,2751 1805,2768 1809,2768 1812,2768 1815,2768 1846,2751 2140,2761 2143,2761 2146,2761 2191,2744 2256,2764 2259,2764 2263,2764 2402,2744 2430,2764 2433,2764 2437,2764 2440,2764 2464,2764 2669,2740 2696,2761 2706,2720 2696,2658 1972,2679 1949,2672 1904,2658 1901,2658 1897,2658 1894,2658 1890,2658 1867,2676 1850,2682 1679,2679 1467,2672 1464,2672 1372,2686 1331,2689 1307,2686 1225,2669 1221,2669 1122,2689 1102,2693 1075,2689 921,2672 918,2672 914,2672 856,2689 860,2744"/>
        <Baseline points="860,2744 2706,2720"/>
        <TextEquiv>
          <Unicode>Am erſten war ia ſo nicht viel</Unicode>
        </TextEquiv>
      </TextLine>

      
      
      <TextLine id="eSc_line_d8e42082" custom="structure {type:default;}">
        <Coords points="2109,2867 2109,2914 2170,2952 2174,2952 2177,2952 2181,2952 2256,2949 2259,2949 2263,2949 2263,2945 2290,2918 2304,2928 2307,2928 2310,2928 2314,2928 2317,2928 2321,2928 2368,2887 2368,2884 2420,2880 2420,2853 2402,2768 2368,2792 2280,2785 2184,2775 2181,2775 2177,2775 2106,2798 2109,2867"/>
        <Baseline points="2109,2867 2420,2853"/>
        <TextEquiv>
          <Unicode>Meph:</Unicode>
        </TextEquiv>
      </TextLine>

      
      
      <TextLine id="eSc_line_f6755cbf" custom="structure {type:default;}">
        <Coords points="863,3017 863,3037 979,3054 983,3054 1088,3037 1140,3027 1167,3034 1225,3054 1228,3054 1232,3054 1310,3037 1334,3058 1338,3058 1341,3058 1344,3061 1454,3061 1454,3058 1457,3058 1460,3058 1505,3031 1515,3024 1641,3020 1652,3027 1679,3051 1679,3054 1682,3054 1686,3054 1689,3058 1785,3058 1785,3054 1788,3054 1792,3054 1792,3051 1819,3027 1829,3017 1890,3024 2010,3041 2013,3041 2017,3041 2051,3024 2068,3013 2078,3024 2092,3034 2095,3034 2099,3034 2102,3034 2106,3034 2109,3034 2109,3031 2119,3020 2129,3013 2160,3020 2198,3031 2201,3031 2205,3031 2256,3020 2290,3013 2304,3020 2327,3031 2331,3031 2334,3031 2426,3020 2474,3044 2478,3044 2481,3044 2662,3041 2665,3041 2669,3041 2706,3013 2713,3010 2720,3013 2757,3031 2761,3031 2764,3031 2768,3031 2771,3031 2795,3013 2812,3003 2884,3010 2891,2983 2887,2925 2792,2894 2788,2894 2785,2894 2781,2894 2734,2914 2686,2884 2682,2884 2679,2884 2676,2884 2672,2884 2669,2884 2631,2908 2498,2880 2495,2880 2491,2880 2488,2880 2488,2884 2437,2928 2437,2932 2191,2932 2157,2901 2157,2897 2153,2897 2150,2897 2146,2897 2143,2897 2078,2921 2048,2891 2048,2887 2044,2887 2041,2887 1884,2880 1880,2880 1877,2880 1754,2938 1751,2942 1696,2942 1693,2938 1614,2884 1611,2884 1607,2884 1553,2884 1549,2884 1382,2921 1341,2887 1338,2887 1334,2887 1331,2887 1235,2891 1232,2891 1228,2891 1153,2945 1153,2949 1047,2949 1041,2949 962,2918 959,2918 955,2918 952,2918 948,2918 904,2949 904,2952 860,2952 863,3017"/>
        <Baseline points="863,3017 1662,2993 2891,2983"/>
        <TextEquiv>
          <Unicode>O ia, dem Herrn iſt alles Kinderſpiel.</Unicode>
        </TextEquiv>
      </TextLine>

      
      
      <TextLine id="eSc_line_db1c7833" custom="structure {type:default;}">
        <Coords points="2126,3130 2126,3170 2433,3140 2437,3119 2430,3000 2273,2996 2269,2996 2266,2996 2263,2996 2211,3037 2191,3058 2119,3058 2126,3130"/>
        <Baseline points="2126,3130 2437,3119"/>
        <TextEquiv>
          <Unicode>Fauſt.</Unicode>
        </TextEquiv>
      </TextLine>

      
      
      <TextLine id="eSc_line_1ad28870" custom="structure {type:default;}">
        <Coords points="863,3252 863,3269 1266,3290 1269,3290 1273,3290 1276,3290 1300,3269 1307,3266 1392,3266 1402,3269 1433,3293 1437,3293 1440,3293 1443,3293 1597,3269 1648,3263 1665,3269 1716,3293 1720,3293 1723,3293 1853,3276 1887,3293 1890,3293 1894,3293 1897,3293 1955,3276 2123,3290 2126,3290 2129,3290 2133,3290 2133,3287 2153,3269 2167,3259 2450,3259 2498,3269 2553,3280 2556,3280 2635,3269 2720,3256 2778,3269 2850,3283 2853,3283 2856,3283 2860,3283 2877,3269 2884,3266 3044,3266 3048,3232 3037,3157 2925,3177 2901,3157 2880,3140 2880,3136 2877,3136 2874,3136 2809,3136 2805,3136 2802,3136 2798,3136 2764,3160 2740,3181 2614,3181 2594,3164 2570,3143 2566,3143 2563,3143 2201,3143 2198,3143 2194,3143 2119,3174 2095,3188 1976,3188 1966,3177 1931,3147 1928,3147 1925,3147 1921,3147 1918,3147 1836,3170 1621,3147 1617,3147 1614,3147 1611,3147 1611,3150 1576,3188 1570,3194 1443,3194 1437,3188 1385,3150 1382,3150 1378,3150 1317,3150 1314,3150 1310,3150 1307,3150 1239,3194 1054,3194 955,3153 952,3153 948,3153 945,3153 860,3194 863,3252"/>
        <Baseline points="863,3252 3048,3232"/>
        <TextEquiv>
          <Unicode>Und mach, und richts nach meinem Sinn</Unicode>
        </TextEquiv>
      </TextLine>

      
      
      <TextLine id="eSc_line_ee5c9cff" custom="structure {type:default;}">
        <Coords points="853,3382 856,3440 1010,3403 1092,3420 1095,3420 1099,3420 1102,3420 1136,3389 1194,3406 1198,3406 1201,3406 1283,3396 1303,3413 1303,3416 1307,3416 1310,3416 1314,3416 1317,3416 1372,3389 1396,3406 1399,3406 1402,3406 1406,3406 1471,3392 1498,3420 1512,3430 1512,3433 1515,3433 1518,3433 1522,3437 1604,3437 1604,3433 1607,3433 1658,3416 1740,3386 1785,3399 1788,3399 1792,3399 1795,3399 1850,3382 1870,3399 1870,3403 1873,3403 1877,3403 1880,3403 1884,3403 1911,3389 1928,3406 1949,3423 1949,3426 1952,3426 1955,3426 1959,3430 2037,3430 2037,3426 2041,3426 2102,3399 2140,3386 2194,3396 2225,3403 2228,3403 2280,3396 2379,3375 2416,3389 2433,3396 2437,3396 2440,3396 2443,3396 2471,3389 2515,3375 2536,3386 2549,3396 2553,3396 2556,3396 2560,3396 2563,3396 2607,3382 2607,3358 2597,3304 2368,3304 2286,3263 2283,3263 2150,3256 2146,3256 2143,3256 2140,3256 2071,3310 2068,3310 2051,3310 2000,3304 1952,3266 1949,3266 1945,3266 1942,3266 1938,3266 1935,3266 1877,3310 1877,3314 1774,3314 1771,3314 1710,3266 1706,3266 1703,3266 1699,3266 1696,3266 1607,3314 1604,3317 1481,3317 1430,3273 1430,3269 1426,3269 1423,3269 1341,3266 1338,3266 1266,3269 1262,3269 1259,3269 1259,3273 1204,3321 1204,3324 1146,3324 1143,3321 1064,3273 1061,3273 1058,3273 962,3273 959,3273 955,3273 952,3273 952,3276 894,3324 894,3328 849,3328 853,3382"/>
        <Baseline points="853,3382 2607,3358"/>
        <TextEquiv>
          <Unicode>Häng dich an ihre Nachbarinn.</Unicode>
        </TextEquiv>
      </TextLine>

      
      
      <TextLine id="eSc_line_34c95cc6" custom="structure {type:default;}">
        <Coords points="870,3529 870,3573 1027,3573 1027,3570 1030,3570 1034,3570 1034,3566 1071,3532 1140,3556 1143,3556 1146,3556 1481,3525 1515,3556 1515,3560 1518,3560 1522,3560 1525,3560 1549,3556 1798,3519 1996,3519 2044,3546 2051,3549 2054,3549 2058,3549 2061,3549 2071,3546 2167,3512 2259,3543 2263,3543 2266,3543 2283,3543 2351,3532 2355,3532 2358,3532 2358,3529 2362,3529 2379,3508 2437,3539 2447,3543 2450,3543 2454,3543 2457,3543 2478,3539 2539,3522 2563,3536 2566,3539 2570,3539 2573,3539 2577,3539 2682,3532 2682,3491 2679,3409 2641,3386 2638,3386 2635,3386 2631,3386 2628,3386 2624,3386 2597,3409 2529,3379 2525,3379 2522,3379 2519,3379 2515,3379 2464,3420 2461,3420 2450,3420 2344,3396 2341,3396 2338,3396 2334,3396 2334,3399 2307,3423 2304,3426 2252,3426 2249,3423 2191,3386 2187,3386 2184,3386 2099,3386 2095,3386 2092,3386 1983,3426 1945,3392 1945,3389 1942,3389 1938,3389 1877,3389 1873,3389 1870,3389 1771,3426 1699,3392 1696,3392 1693,3392 1689,3392 1686,3392 1624,3437 1573,3437 1539,3437 1495,3399 1495,3396 1491,3396 1488,3396 1423,3396 1419,3396 1416,3396 1413,3396 1338,3440 1211,3420 1208,3420 1204,3420 1129,3444 1061,3403 1058,3403 1054,3403 1051,3403 972,3406 969,3406 965,3406 914,3450 866,3450 870,3529"/>
        <Baseline points="870,3529 1645,3498 2682,3491"/>
        <TextEquiv>
          <Unicode>Sey Teufel doch nur nicht wie Brey</Unicode>
        </TextEquiv>
      </TextLine>

      
      
      <TextLine id="eSc_line_56068f9c" custom="structure {type:default;}">
        <Coords points="866,3655 866,3669 1047,3693 1095,3734 1099,3734 1102,3734 1105,3734 1273,3730 1276,3730 1280,3730 1280,3727 1331,3679 1334,3676 1344,3679 1440,3700 1443,3700 1447,3700 1512,3682 1573,3662 1942,3662 1986,3679 1989,3679 1993,3679 1996,3679 2058,3662 2136,3686 2140,3686 2143,3686 2146,3686 2208,3665 2232,3686 2235,3686 2239,3686 2242,3686 2245,3686 2249,3686 2249,3682 2252,3682 2266,3665 2286,3679 2290,3679 2293,3679 2297,3679 2300,3679 2358,3659 2430,3696 2474,3720 2478,3720 2481,3720 2618,3717 2621,3717 2624,3717 2645,3700 2665,3682 2686,3700 2703,3713 2703,3717 2706,3717 2710,3717 2713,3720 2894,3720 2894,3717 2897,3717 2901,3717 2918,3703 2959,3679 2996,3706 3007,3638 3003,3573 2914,3566 2884,3536 2884,3532 2880,3532 2877,3532 2874,3532 2768,3556 2730,3532 2727,3532 2723,3532 2720,3532 2717,3532 2645,3556 2611,3529 2607,3529 2604,3529 2600,3529 2478,3532 2474,3532 2471,3532 2426,3563 2389,3532 2385,3532 2382,3532 2280,3532 2276,3532 2273,3532 2269,3532 2232,3563 2177,3543 2174,3543 2170,3543 2167,3543 2164,3543 2106,3584 1542,3587 1488,3543 1484,3543 1481,3543 1392,3543 1389,3543 1385,3543 1382,3543 1358,3563 1273,3543 1269,3543 1266,3543 1262,3543 1259,3543 1204,3587 1099,3546 1095,3546 1092,3546 1088,3546 1085,3546 1030,3587 979,3549 976,3549 972,3549 969,3549 965,3549 863,3590 866,3655"/>
        <Baseline points="866,3655 2092,3631 3007,3638"/>
        <TextEquiv>
          <Unicode>Und ſchaff einen neuen Schmuck herbey.</Unicode>
        </TextEquiv>
      </TextLine>

      
      
      <TextLine id="eSc_line_244f0759" custom="structure {type:default;}">
        <Coords points="2095,3775 2095,3809 2191,3799 2211,3805 2252,3826 2256,3826 2259,3826 2430,3799 2430,3768 2416,3659 2331,3682 2314,3669 2300,3655 2300,3652 2297,3652 2293,3652 2290,3652 2286,3652 2222,3679 2218,3679 2194,3659 2191,3659 2187,3659 2184,3659 2181,3659 2092,3689 2095,3775"/>
        <Baseline points="2095,3775 2430,3768"/>
        <TextEquiv>
          <Unicode>Meph:</Unicode>
        </TextEquiv>
      </TextLine>

      
      
      <TextLine id="eSc_line_91ded4a4" custom="structure {type:default;}">
        <Coords points="866,3935 866,4010 1027,4024 1030,4024 1034,4024 1037,4024 1037,4020 1051,4010 1095,3969 1160,4007 1184,4024 1187,4024 1191,4024 1194,4027 1273,4027 1273,4024 1276,4024 1280,4024 1307,4007 1358,3973 1433,4003 1474,4020 1477,4020 1481,4020 1484,4020 1488,4020 1488,4017 1505,4003 1549,3962 1921,3962 1969,3997 1989,4017 1993,4017 1996,4017 2000,4017 2003,4017 2007,4017 2041,3997 2061,3983 2078,3997 2106,4017 2109,4017 2112,4017 2116,4017 2225,4014 2228,4014 2232,4014 2232,4010 2249,3993 2269,3976 2286,3993 2310,4014 2310,4017 2314,4017 2317,4017 2321,4017 2423,4014 2426,4014 2430,4014 2461,3993 2512,3959 2635,3986 2638,3986 2641,3986 2699,3959 2788,3983 2792,3983 2795,3983 2798,3983 2833,3966 2870,3986 2877,3925 2874,3836 2805,3826 2802,3826 2798,3826 2795,3826 2795,3829 2785,3836 2754,3867 2461,3867 2437,3846 2409,3819 2406,3819 2402,3819 2331,3812 2327,3812 2324,3812 2321,3812 2269,3850 2242,3867 2129,3853 2082,3846 2078,3846 2027,3853 1959,3867 1949,3857 1931,3843 1931,3840 1928,3840 1925,3840 1921,3840 1839,3853 1761,3819 1757,3819 1587,3819 1583,3819 1580,3819 1495,3860 1351,3819 1348,3819 1344,3819 1221,3822 1218,3822 1215,3822 1143,3874 1143,3877 1129,3877 1102,3877 1003,3822 1000,3822 935,3822 931,3822 928,3822 925,3822 863,3867 866,3935"/>
        <Baseline points="866,3935 2054,3918 2877,3925"/>
        <TextEquiv>
          <Unicode>Ja gnädger Herr von Herzen gerne.</Unicode>
        </TextEquiv>
      </TextLine>

      
      
      <TextLine id="eSc_line_3013bfe5" custom="structure {type:default;}">
        <Coords points="3013,4010 3013,4041 3181,4031 3188,4037 3215,4058 3215,4061 3218,4061 3222,4061 3225,4065 3280,4065 3280,4061 3283,4061 3355,4027 3379,4014 3481,4014 3491,4020 3532,4051 3536,4051 3539,4051 3543,4051 3631,4048 3635,4048 3727,4007 3727,3983 3706,3867 3679,3894 3624,3874 3601,3863 3597,3863 3594,3863 3590,3863 3560,3877 3512,3901 3488,3884 3426,3840 3423,3840 3420,3840 3416,3840 3413,3840 3365,3853 3331,3833 3328,3833 3324,3833 3321,3833 3167,3836 3164,3836 3160,3836 3160,3840 3082,3915 3078,3918 3007,3918 3013,4010"/>
        <Baseline points="3013,4010 3727,3983"/>
        <TextEquiv>
          <Unicode>/: Fauſt ab :/</Unicode>
        </TextEquiv>
      </TextLine>

      
      
      <TextLine id="eSc_line_9870eeba" custom="structure {type:default;}">
        <Coords points="2102,4133 2102,4171 2184,4246 2184,4249 2187,4249 2191,4249 2194,4253 2293,4253 2293,4249 2297,4249 2300,4249 2300,4246 2365,4184 2491,4160 2491,4126 2481,4003 2321,4041 2280,4027 2222,4010 2218,4010 2215,4010 2211,4010 2208,4010 2157,4044 2143,4055 2099,4055 2102,4133"/>
        <Baseline points="2102,4133 2491,4126"/>
        <TextEquiv>
          <Unicode>Meph:</Unicode>
        </TextEquiv>
      </TextLine>

      
      
      <TextLine id="eSc_line_7fdc3a53" custom="structure {type:default;}">
        <Coords points="846,4328 846,4348 873,4362 877,4362 880,4362 1184,4338 1221,4334 1232,4334 1338,4358 1341,4358 1682,4324 1693,4324 1764,4369 1768,4369 1771,4369 1774,4369 1925,4362 1928,4362 1931,4362 1979,4321 2013,4348 2017,4348 2020,4348 2024,4348 2027,4348 2112,4328 2184,4358 2187,4358 2191,4358 2375,4355 2379,4355 2382,4355 2382,4352 2385,4352 2406,4328 2553,4300 2553,4290 2546,4191 2406,4174 2402,4174 2399,4174 2396,4174 2372,4194 2331,4232 2150,4232 2065,4205 2000,4184 1996,4184 1993,4184 1843,4188 1839,4188 1836,4188 1802,4215 1757,4246 1706,4246 1662,4218 1628,4198 1624,4198 1621,4198 1617,4198 1614,4198 1556,4222 1529,4232 1505,4222 1481,4215 1477,4215 1474,4215 1471,4215 1467,4215 1457,4225 1433,4246 1392,4232 1389,4232 1385,4232 1140,4259 1095,4259 1075,4239 1041,4208 1041,4205 1037,4205 1034,4205 993,4205 989,4205 907,4208 904,4208 843,4239 846,4328"/>
        <Baseline points="846,4328 2553,4290"/>
        <TextEquiv>
          <Unicode>So ein verliebter Tohr verpufft</Unicode>
        </TextEquiv>
      </TextLine>

      
      
      <TextLine id="eSc_line_fdf775fb" custom="structure {type:default;}">
        <Coords points="866,4457 866,4502 1085,4481 1109,4495 1112,4498 1116,4498 1119,4498 1122,4498 1406,4488 1409,4488 1416,4485 1454,4471 1546,4481 1611,4488 1614,4488 1710,4474 1829,4461 1911,4471 1989,4478 1993,4478 2266,4457 2331,4454 2338,4454 2358,4471 2362,4471 2365,4471 2368,4471 2372,4471 2375,4471 2402,4454 2413,4447 2474,4450 2638,4464 2641,4464 2781,4444 2809,4461 2812,4461 2816,4461 2819,4461 2969,4433 2973,4410 2966,4314 2914,4311 2911,4311 2908,4311 2897,4314 2816,4362 2757,4362 2703,4324 2686,4311 2682,4311 2679,4311 2676,4311 2566,4314 2563,4314 2560,4314 2536,4331 2484,4365 2396,4338 2382,4334 2379,4334 2375,4334 2372,4334 2351,4338 2252,4369 2218,4345 2187,4324 2184,4324 2181,4324 2177,4324 2174,4324 2123,4348 2068,4375 1894,4358 1867,4358 1863,4358 1829,4362 1703,4382 1665,4369 1597,4345 1594,4345 1590,4345 1587,4345 1522,4375 1498,4389 1324,4392 1310,4386 1256,4345 1252,4345 1249,4345 1245,4345 1017,4348 1013,4348 863,4403 866,4457"/>
        <Baseline points="866,4457 2973,4410"/>
        <TextEquiv>
          <Unicode>Euch Sonne Mond und alle Sterne</Unicode>
        </TextEquiv>
      </TextLine>

      
      
      <TextLine id="eSc_line_d2333853" custom="structure {type:default;}">
        <Coords points="870,4601 870,4679 1228,4679 1232,4679 1235,4679 1245,4672 1307,4631 1597,4621 1908,4621 1955,4648 1962,4655 1966,4655 1969,4655 1972,4655 1976,4655 1989,4648 2054,4618 2201,4618 2242,4642 2286,4669 2290,4669 2293,4669 2297,4669 2478,4635 2495,4631 2508,4631 2648,4662 2652,4666 3044,4666 3044,4662 3143,4659 3147,4659 3150,4659 3229,4611 3239,4608 3372,4608 3375,4570 3368,4454 3160,4454 3157,4454 3153,4454 3150,4454 3143,4461 3072,4505 2942,4471 2938,4471 2935,4471 2932,4471 2819,4512 2679,4512 2648,4488 2645,4488 2641,4488 2638,4488 2536,4512 2495,4481 2471,4461 2467,4461 2464,4461 2334,4461 2331,4461 2327,4461 2324,4461 2293,4485 2256,4519 2170,4519 2136,4491 2106,4464 2102,4464 2099,4464 1959,4464 1955,4464 1952,4464 1836,4502 1832,4502 1829,4502 1754,4468 1751,4468 1747,4468 1744,4468 1740,4468 1679,4505 1655,4522 1594,4522 1576,4509 1518,4471 1515,4471 1512,4471 1508,4471 1505,4471 1501,4471 1433,4515 1430,4515 1423,4515 1348,4495 1344,4495 1341,4495 1338,4495 1276,4519 1262,4526 1082,4526 1075,4526 969,4488 965,4488 962,4488 959,4488 866,4526 870,4601"/>
        <Baseline points="870,4601 1751,4577 3375,4570"/>
        <TextEquiv>
          <Unicode>Zum Zeitvertreib dem Liebgen in die Lufft.</Unicode>
        </TextEquiv>
      </TextLine>

      
      
      <TextLine id="eSc_line_5bd1a106" custom="structure {type:default;}">
        <Coords points="3218,4747 3222,4792 3314,4765 3365,4778 3392,4785 3396,4785 3399,4785 3604,4751 3604,4734 3597,4608 3536,4577 3532,4577 3529,4577 3382,4587 3379,4587 3375,4587 3314,4638 3304,4648 3211,4648 3218,4747"/>
        <Baseline points="3218,4747 3604,4734"/>
        <TextEquiv>
          <Unicode>/: ab :/</Unicode>
        </TextEquiv>
      </TextLine>

      
    </TextRegion>
    

    
  </Page>
</PcGts>
