4096 6144
774 969 2454 1146 Allein es iſt ein gar zu böſer Ort.
788 1078 2949 1283 Es iſt als hätte niemand nichts zu treiben
778 1211 1880 1406 Und nichts zu ſchaffen,
774 1351 3119 1546 Als auf des Nachbaarn Schritt und Tritt zu gaffen.
781 1498 3631 1693 Und man kommt in’s Geſpräch wie man ſich immer ſtellt
768 1612 1945 1868 Und unſer Päärgen?
1945 1720 2257 1889 Meph:
1843 1822 3314 2027 Iſt den Gang dort aufgeflogen
785 1972 2034 2160 Muthwillge Sommervögel
1884 2092 2307 2273 Marthe
2205 2177 3351 2402 Er ſcheint ihr gewogen.
1904 2321 2242 2505 Meph:
791 2457 3092 2679 Und ſie ihm auch. Das iſt der Lauf der Welt.
1679 2641 2686 2877 Ein Gartenhäuſgen.
1064 2822 3853 3010 Margrete mit Herz klopfen herrein ſteckt ſich hinter die Thür
1536 2986 3860 3205 hält die Fingerſpizze an die Lippen und guckt durch die Ri
808 3130 1361 3321 Er kommt!
1949 3181 2269 3403 Fauſt.
1375 3334 2846 3543 Ach Schelm ſo neckſt du mich!
815 3474 1477 3730 Treff ich dich!
1495 3505 2290 3696 /: er küſſt ſie :/
1931 3628 3840 3863 Margr: ihn faſſend und den Kuſſ zurückgebend
1249 3773 3164 4039 Beſter Mann ſchon lange lieb ich dich.
1976 3952 2872 4193 Meph: klopft an :/
1938 4106 2955 4334 Fauſt ſtampfend :/
812 4266 1280 4478 Wer da!
1981 4300 2314 4587 Meph:
1293 4457 1925 4710 Gut Freund.
1983 4549 2874 4775 Fauſt. Ein Tier!
