4096 6144
1010 918 2321 1163 Und gehörig klaſſifiziren.
2177 1047 2631 1249 Student.
1003 1218 2839 1416 Mir wird von allem dem ſo dumm
1017 1382 3276 1604 Als ging mir ein Mühlrad im Kopf herum.
2170 1559 2508 1774 Meph:
1006 1706 2747 1887 Nachher vor allen andern Sachen
1006 1856 3222 2065 Müßt ihr euch an die Metaphiſick machen,
1000 2000 2662 2215 Da ſeht daß ihr tiefſinnig faſſt,
989 2181 3037 2392 Was in des Menſchen Hirn nicht paſſt,
989 2358 3133 2587 Für was drein geht und nicht drein geht,
996 2522 2805 2771 Ein prächtig Wort zu Dienſten ſteht.
986 2693 2379 2945 Doch vorerſt dieſes halbe Jahr
996 2891 2908 3089 Nehmt euch der beſten Ordnung wahr.
1000 3065 2884 3269 Fünf Stunden nehmt ihr ieden Tag,
986 3242 2826 3457 Seyd drinne mit dem Glockenſchlag.
1003 3416 2805 3597 Habt euch zu Hause wohl preparirt,
983 3563 2542 3754 Paragraphos wohl einſtudirt.
983 3706 2406 3942 Damit ihr nachher beſſer ſeht
986 3870 3133 4102 Daſſ er nichts ſagt als was im Buche ſteht.
986 4065 2771 4280 Doch euch des Schreibens ja befleiſſt,
989 4246 2669 4440 Als dicktirt euch der heilig Geiſt.
1870 4382 2259 4577 Student.
996 4532 3246 4799 Verzeiht ich halt euch auf mit vielen Fragen
