<?xml version="1.0" encoding="UTF-8"  standalone="yes"?>
<PcGts xmlns="http://schema.primaresearch.org/PAGE/gts/pagecontent/2019-07-15" xmlns:xsi="http://www.w3.org/2001/XMLSchema-instance" xsi:schemaLocation="http://schema.primaresearch.org/PAGE/gts/pagecontent/2019-07-15 http://schema.primaresearch.org/PAGE/gts/pagecontent/2019-07-15/pagecontent.xsd">
  <Metadata>
	<Creator>escriptorium</Creator>
	<Created>2023-07-09T09:46:59.005178+00:00</Created>
        <LastChange>2023-07-09T09:46:59.005191+00:00</LastChange>

  </Metadata>
  <Page imageFilename="0022.jpg" imageWidth="4096" imageHeight="6144">

    
    <TextRegion id="eSc_textblock_39a97734"  custom="structure {type:text;}">
      <Coords points="3508,791 3601,819 3587,965 3249,965 3263,819 3508,791"/>
      
      
      <TextLine id="eSc_line_33f0b44c" custom="structure {type:default;}">
        <Coords points="3573,880 3532,880 3461,829 3457,829 3454,829 3365,829 3362,829 3358,829 3355,829 3355,832 3293,887 3256,887 3252,901 3256,938 3256,983 3406,965 3447,969 3546,979 3549,979 3553,979 3556,979 3590,959 3590,928 3587,925 3573,880"/>
        <Baseline points="3256,938 3590,928"/>
        <TextEquiv>
          <Unicode>528.</Unicode>
        </TextEquiv>
      </TextLine>

      
    </TextRegion>
    
    <TextRegion id="eSc_textblock_ef0b14a9"  custom="structure {type:text;}">
      <Coords points="860,1064 2112,1078 2181,1119 2208,1293 2304,1365 2372,3382 2850,3440 2945,3508 2932,3655 2836,3723 2580,3751 2454,3809 2536,3860 2280,3887 2112,4000 2140,4133 2454,4382 2454,4529 2372,4693 1170,4775 491,4706 477,3208 546,1133 573,1078 860,1064"/>
      
      
      <TextLine id="eSc_line_75c46e46" custom="structure {type:default;}">
        <Coords points="2041,1075 2007,1075 1972,1075 1949,1075 1908,1078 1904,1078 1901,1078 1901,1082 1870,1109 1757,1071 1754,1071 1751,1071 1747,1071 1744,1071 1703,1105 1672,1085 1669,1085 1665,1085 1662,1085 1658,1085 1655,1085 1621,1112 1621,1116 1515,1116 1512,1112 1460,1068 1457,1068 1454,1068 1450,1068 1348,1092 1317,1068 1290,1068 1256,1068 1221,1068 1187,1068 1153,1064 1146,1064 1143,1064 1140,1064 1136,1064 1092,1099 1047,1064 1044,1064 1041,1064 1017,1064 989,1064 986,1064 983,1064 979,1064 979,1068 935,1109 935,1112 754,1112 754,1109 720,1082 720,1078 716,1078 713,1078 641,1078 638,1078 634,1078 573,1105 573,1170 570,1198 737,1215 740,1215 802,1201 836,1194 1160,1194 1218,1204 1355,1232 1358,1232 1488,1208 1491,1208 1495,1208 1621,1228 1624,1228 1628,1228 1665,1208 1672,1204 1679,1208 1720,1232 1723,1232 1727,1232 1843,1211 1846,1211 1921,1232 1925,1232 1928,1232 1931,1232 1935,1232 1935,1228 1955,1211 1959,1204 1976,1211 1993,1218 1996,1218 2000,1218 2003,1218 2024,1211 2065,1198 2129,1211 2136,1177 2136,1116 2054,1075 2041,1075"/>
        <Baseline points="573,1170 2136,1177"/>
        <TextEquiv>
          <Unicode>Allein ich muß euch noch bemühn.</Unicode>
        </TextEquiv>
      </TextLine>

      
      
      <TextLine id="eSc_line_ec44c3dd" custom="structure {type:default;}">
        <Coords points="570,1324 570,1355 600,1368 604,1368 607,1368 610,1368 658,1355 699,1344 764,1355 870,1372 873,1372 877,1372 880,1372 907,1355 945,1334 1163,1334 1225,1351 1232,1355 1235,1355 1239,1355 1256,1351 1365,1331 1450,1351 1454,1351 1457,1351 1460,1351 1539,1331 1563,1351 1580,1365 1583,1365 1587,1365 1590,1365 1689,1351 1737,1344 1781,1351 1856,1361 1860,1361 1863,1361 1904,1351 1959,1334 1976,1348 1989,1361 1993,1361 1996,1361 2000,1361 2003,1361 2054,1348 2054,1310 2044,1259 1846,1266 1836,1259 1809,1235 1805,1235 1802,1235 1798,1235 1795,1235 1792,1235 1761,1262 1754,1266 1751,1262 1686,1218 1682,1218 1679,1218 1675,1218 1672,1218 1669,1218 1607,1262 1600,1269 1566,1262 1454,1242 1450,1242 1447,1242 1443,1242 1443,1245 1419,1266 1413,1269 1392,1266 1307,1252 1303,1252 1221,1269 1194,1273 1184,1269 1153,1256 1150,1256 1146,1256 1041,1266 959,1225 955,1225 952,1225 631,1228 628,1228 624,1228 566,1266 570,1324"/>
        <Baseline points="570,1324 2054,1310"/>
        <TextEquiv>
          <Unicode>Wollt ihr mir von der Medizin,</Unicode>
        </TextEquiv>
      </TextLine>

      
      
      <TextLine id="eSc_line_16947871" custom="structure {type:default;}">
        <Coords points="563,1477 563,1508 624,1508 628,1508 651,1529 651,1532 655,1532 658,1532 662,1532 665,1532 713,1505 761,1549 764,1549 768,1549 771,1553 826,1553 826,1549 873,1546 877,1546 880,1546 880,1542 925,1501 938,1484 1126,1484 1143,1495 1153,1505 1157,1505 1160,1505 1163,1505 1167,1505 1170,1505 1181,1498 1225,1539 1225,1542 1228,1542 1232,1542 1235,1546 1361,1546 1361,1542 1413,1539 1416,1539 1419,1539 1471,1495 1525,1495 1580,1498 1617,1536 1617,1539 1621,1539 1624,1539 1628,1539 1631,1539 1860,1477 1867,1477 1931,1532 1935,1532 1938,1532 1942,1536 2007,1536 2007,1532 2010,1532 2013,1532 2088,1477 2269,1467 2273,1447 2259,1355 2215,1378 2082,1378 2054,1358 2030,1341 2027,1341 2024,1341 2020,1341 2017,1341 2013,1341 1983,1361 1949,1382 1826,1382 1809,1365 1792,1351 1792,1348 1788,1348 1785,1348 1720,1338 1716,1338 1563,1372 1505,1385 1491,1375 1457,1344 1457,1341 1454,1341 1450,1341 1447,1341 1443,1341 1361,1361 1239,1344 1235,1344 1232,1344 1228,1344 1184,1382 1174,1392 1017,1392 1006,1385 959,1348 955,1348 952,1348 884,1348 880,1348 877,1348 873,1348 822,1392 819,1392 778,1355 778,1351 774,1351 771,1351 768,1351 559,1396 563,1477"/>
        <Baseline points="563,1477 935,1460 2273,1447"/>
        <TextEquiv>
          <Unicode>Nicht auch ein kräfftig Wörtgen ſagen!</Unicode>
        </TextEquiv>
      </TextLine>

      
      
      <TextLine id="eSc_line_d9fde605" custom="structure {type:default;}">
        <Coords points="563,1638 563,1686 907,1686 907,1682 911,1682 928,1675 965,1658 1024,1672 1051,1679 1054,1679 1058,1679 1061,1679 1064,1679 1075,1672 1102,1655 1239,1669 1269,1669 1273,1669 1276,1669 1280,1669 1283,1665 1307,1652 1447,1662 1580,1672 1583,1672 1587,1672 1590,1672 1590,1669 1604,1658 1614,1648 1744,1648 1771,1655 1809,1665 1812,1665 1815,1665 1819,1665 1822,1665 1836,1652 1846,1645 1873,1652 1935,1669 1938,1669 1942,1669 1945,1669 1993,1648 1993,1617 1983,1508 1873,1512 1870,1512 1867,1512 1867,1515 1843,1539 1798,1515 1795,1515 1792,1515 1788,1515 1785,1515 1778,1518 1703,1563 1648,1525 1631,1512 1628,1512 1624,1512 1512,1512 1508,1512 1505,1512 1501,1512 1501,1515 1477,1536 1440,1573 1273,1573 1239,1549 1201,1518 1198,1518 1194,1518 1129,1518 1126,1518 1122,1518 1119,1518 1061,1556 1030,1576 1006,1559 948,1525 945,1525 942,1525 938,1525 935,1525 819,1570 791,1583 559,1583 563,1638"/>
        <Baseline points="563,1638 1993,1617"/>
        <TextEquiv>
          <Unicode>Drey IUmwidmung Jahr iſt eine kurze Zeit,</Unicode>
        </TextEquiv>
      </TextLine>

      
      
      <TextLine id="eSc_line_160e190f" custom="structure {type:default;}">
        <Coords points="559,1805 559,1826 696,1839 699,1839 703,1839 750,1826 768,1822 774,1826 826,1860 829,1860 832,1860 836,1860 839,1860 907,1826 925,1819 979,1826 1030,1832 1034,1832 1037,1832 1051,1826 1071,1815 1082,1826 1112,1853 1116,1853 1119,1853 1122,1853 1293,1850 1297,1850 1341,1826 1372,1809 1399,1826 1433,1843 1437,1843 1440,1843 1443,1843 1447,1843 1447,1839 1464,1826 1481,1805 1518,1826 1556,1843 1559,1843 1563,1843 1566,1843 1600,1826 1628,1812 1699,1826 1785,1839 1788,1839 1792,1839 1795,1839 1795,1836 1798,1836 1809,1826 1812,1819 2037,1819 2041,1819 2044,1819 2140,1792 2242,1822 2249,1768 2242,1645 2184,1634 2181,1634 2177,1634 2174,1634 2174,1638 2164,1648 2126,1686 2041,1686 1986,1655 1966,1641 1962,1641 1959,1641 1955,1641 1952,1641 1918,1658 1853,1693 1771,1696 1703,1696 1662,1669 1631,1648 1628,1648 1624,1648 1621,1648 1464,1669 1320,1652 1317,1652 1314,1652 1249,1686 1225,1703 1204,1689 1163,1658 1160,1658 1157,1658 1088,1658 1085,1658 1082,1658 1078,1658 1078,1662 1044,1693 1017,1672 1013,1672 1010,1672 1006,1672 877,1703 836,1713 826,1706 761,1665 757,1665 754,1665 750,1665 747,1665 628,1716 621,1720 556,1720 559,1805"/>
        <Baseline points="559,1805 2249,1768"/>
        <TextEquiv>
          <Unicode>Und Gott das Feld iſt gar zu weit.</Unicode>
        </TextEquiv>
      </TextLine>

      
      
      <TextLine id="eSc_line_e7b4fae2" custom="structure {type:default;}">
        <Coords points="556,1976 556,2024 819,1986 904,2000 907,2000 1146,1976 1201,2010 1204,2010 1208,2010 1211,2010 1334,2007 1338,2007 1341,2007 1392,1969 1447,1989 1450,1989 1454,1989 1457,1989 1549,1966 1621,1983 1624,1983 1628,1983 1631,1983 1665,1969 1693,1993 1696,1993 1699,1993 1703,1993 1706,1993 1778,1962 1832,1983 1836,1983 1839,1983 1976,1959 2000,1979 2000,1983 2003,1983 2007,1983 2010,1986 2010,1983 2013,1983 2017,1983 2017,1979 2030,1969 2061,1986 2065,1986 2068,1986 2071,1986 2232,1979 2232,1921 2218,1822 2157,1853 2112,1829 2109,1829 2106,1829 2102,1829 2048,1853 2030,1832 2027,1832 2027,1829 2024,1829 2020,1829 2017,1829 1914,1832 1911,1832 1908,1832 1897,1839 1836,1880 1754,1867 1751,1867 1747,1867 1682,1884 1638,1863 1634,1863 1631,1863 1628,1863 1624,1863 1594,1887 1525,1887 1498,1860 1484,1850 1484,1846 1481,1846 1477,1846 1368,1846 1365,1846 1361,1846 1293,1873 1225,1901 1082,1901 1051,1887 1034,1877 1030,1877 1027,1877 1024,1877 1000,1887 969,1904 778,1911 764,1901 720,1867 716,1867 713,1867 662,1867 658,1867 655,1867 552,1908 556,1976"/>
        <Baseline points="556,1976 1095,1949 2232,1921"/>
        <TextEquiv>
          <Unicode>Wenn man ein’ Fingerzeig nur hat</Unicode>
        </TextEquiv>
      </TextLine>

      
      
      <TextLine id="eSc_line_75315c5b" custom="structure {type:default;}">
        <Coords points="542,2140 542,2170 634,2211 638,2211 641,2211 860,2201 863,2201 931,2164 996,2198 1000,2198 1003,2198 1085,2194 1088,2194 1092,2194 1092,2191 1133,2153 1143,2146 1170,2153 1317,2187 1320,2187 1324,2187 1416,2146 1440,2133 1771,2129 1826,2136 1979,2153 1983,2153 2126,2136 2129,2136 2133,2136 2133,2133 2136,2133 2140,2126 2150,2116 2164,2126 2174,2088 2167,2020 2078,2020 2017,1983 2013,1983 2010,1983 2007,1983 2003,1983 2000,1983 1962,2010 1918,1989 1914,1989 1911,1989 1908,1989 1904,1989 1860,2027 1860,2030 1805,2030 1730,1989 1727,1989 1723,1989 1675,1993 1672,1993 1669,1993 1617,2037 1614,2041 1378,2044 1358,2027 1355,2027 1351,2027 1348,2027 1256,2048 1133,2010 1129,2010 1126,2010 1122,2010 1119,2010 1061,2054 983,2017 979,2017 976,2017 972,2017 969,2017 901,2061 897,2065 846,2065 846,2061 805,2027 805,2024 802,2024 798,2024 795,2024 628,2027 624,2027 621,2027 621,2030 583,2071 539,2071 542,2140"/>
        <Baseline points="542,2140 1495,2095 2174,2088"/>
        <TextEquiv>
          <Unicode>Läſſt ſichs ſchon ehe weiter fühlen.</Unicode>
        </TextEquiv>
      </TextLine>

      
      
      <TextLine id="eSc_line_14469151" custom="structure {type:default;}">
        <Coords points="1447,2310 1447,2355 1501,2379 1505,2379 1508,2379 1716,2372 1720,2372 1723,2372 1723,2368 1754,2341 1764,2327 1921,2327 1942,2334 1983,2348 1986,2348 1989,2348 1993,2348 2051,2327 2075,2321 2085,2327 2143,2358 2146,2358 2150,2358 2153,2358 2157,2358 2157,2355 2181,2327 2263,2317 2266,2283 2256,2164 2099,2167 2095,2167 2092,2167 2078,2177 2024,2218 1839,2222 1788,2205 1723,2184 1720,2184 1716,2184 1713,2184 1604,2218 1556,2184 1553,2184 1549,2184 1546,2184 1542,2184 1440,2232 1447,2310"/>
        <Baseline points="1447,2310 2266,2283"/>
        <TextEquiv>
          <Unicode>Meh: /: vor ſich :/</Unicode>
        </TextEquiv>
      </TextLine>

      
      
      <TextLine id="eSc_line_1c868eb0" custom="structure {type:default;}">
        <Coords points="573,2481 573,2508 744,2505 795,2508 815,2508 843,2536 843,2539 846,2539 849,2539 853,2542 1051,2542 1051,2539 1054,2539 1102,2515 1136,2536 1140,2536 1143,2536 1146,2539 1276,2539 1276,2536 1280,2536 1283,2536 1331,2501 1334,2501 1365,2519 1368,2519 1372,2519 1590,2501 1594,2501 1679,2532 1682,2532 1686,2532 1689,2532 1693,2532 1730,2498 1788,2529 1792,2529 1795,2529 1798,2529 1802,2529 1826,2505 1928,2501 1986,2525 1989,2525 1993,2525 1996,2525 2078,2495 2078,2471 2071,2324 1945,2324 1942,2324 1938,2324 1935,2324 1935,2327 1931,2327 1884,2375 1785,2375 1757,2348 1757,2344 1754,2344 1751,2344 1747,2344 1744,2344 1682,2375 1525,2375 1437,2351 1433,2351 1430,2351 1273,2375 1245,2355 1208,2327 1204,2327 1201,2327 1150,2327 1146,2327 1143,2327 1092,2355 1044,2338 1041,2338 1037,2338 1034,2338 1030,2338 996,2368 979,2379 935,2379 925,2368 877,2334 873,2334 870,2334 866,2334 863,2334 860,2334 839,2351 716,2331 713,2331 709,2331 570,2379 573,2481"/>
        <Baseline points="573,2481 2078,2471"/>
        <TextEquiv>
          <Unicode>Bin des Profeſſors Tons nun ſatt,</Unicode>
        </TextEquiv>
      </TextLine>

      
      
      <TextLine id="eSc_line_cce8ef46" custom="structure {type:default;}">
        <Coords points="549,2669 549,2710 723,2672 795,2699 798,2699 802,2699 805,2699 808,2699 843,2676 979,2696 983,2696 986,2696 1037,2669 1085,2693 1088,2693 1092,2693 1095,2693 1191,2669 1225,2682 1228,2682 1232,2682 1235,2682 1239,2682 1266,2662 1471,2682 1474,2682 1477,2682 1536,2662 1658,2679 1662,2679 1665,2679 1669,2679 1669,2676 1689,2658 1733,2672 1737,2672 1740,2672 1744,2672 1785,2655 1815,2676 1836,2693 1839,2693 1843,2693 1846,2696 1938,2696 1938,2693 2331,2658 2334,2638 2331,2553 2273,2532 2269,2532 2266,2532 2263,2532 2232,2542 2198,2512 2194,2512 2191,2512 2187,2512 2184,2512 2181,2512 2136,2542 2058,2501 2054,2501 2051,2501 2048,2501 2044,2501 2013,2519 1993,2501 1993,2498 1989,2498 1986,2498 1983,2498 1802,2515 1730,2501 1727,2501 1723,2501 1720,2501 1675,2536 1590,2505 1587,2505 1477,2505 1474,2505 1471,2505 1334,2570 1054,2570 996,2522 996,2519 993,2519 989,2519 986,2519 983,2519 979,2519 907,2573 631,2536 628,2536 624,2536 546,2577 549,2669"/>
        <Baseline points="549,2669 1324,2638 2334,2638"/>
        <TextEquiv>
          <Unicode>Will wieder einmal den Teufel ſpielen.</Unicode>
        </TextEquiv>
      </TextLine>

      
      
      <TextLine id="eSc_line_a8fa4f27" custom="structure {type:default;}">
        <Coords points="1612,2641 1607,2641 1464,2693 1464,2800 1464,2851 1797,2831 1797,2800 1797,2672 1617,2641 1612,2641"/>
        <Baseline points="1467,2802 1798,2803"/>
        <TextEquiv>
          <Unicode>/: laut :/</Unicode>
        </TextEquiv>
      </TextLine>

      
      
      <TextLine id="eSc_line_f6cb53d6" custom="structure {type:default;}">
        <Coords points="1628,2795 1525,2843 1460,2792 1457,2792 1454,2792 1450,2792 1447,2792 1406,2812 1327,2792 1324,2792 1320,2792 1317,2792 1225,2833 1030,2792 1027,2792 1024,2792 1020,2792 989,2819 959,2805 955,2805 952,2805 948,2805 945,2805 901,2846 764,2846 713,2795 713,2792 709,2792 706,2792 658,2792 655,2792 651,2792 648,2792 648,2795 597,2846 535,2846 535,2949 532,2962 737,2996 740,2996 744,2996 863,2966 1013,2983 1017,2983 1020,2983 1024,2983 1047,2962 1054,2955 1064,2962 1102,2976 1105,2976 1109,2976 1409,2959 1433,2959 1437,2959 1501,2983 1505,2983 1508,2983 1512,2983 1566,2959 1573,2955 1590,2959 1730,2983 1733,2983 1815,2973 1839,2993 1839,2996 1843,2996 1846,2996 1850,2996 1853,2996 1918,2962 1955,2996 1959,2996 1962,2996 1966,3000 2123,3000 2123,2996 2126,2996 2129,2996 2153,2973 2338,2952 2341,2945 2341,2846 2286,2846 2235,2795 2235,2792 2232,2792 2228,2792 2143,2792 2140,2792 2136,2792 2133,2792 2071,2839 1972,2812 1969,2812 1966,2812 1962,2812 1897,2843 1853,2802 1850,2802 1846,2802 1843,2802 1839,2802 1751,2826 1658,2795 1628,2795"/>
        <Baseline points="535,2949 1225,2935 2341,2945"/>
        <TextEquiv>
          <Unicode>Der Geiſt der Medizin iſt leicht zu faſſen,</Unicode>
        </TextEquiv>
      </TextLine>

      
      
      <TextLine id="eSc_line_fde67ef4" custom="structure {type:default;}">
        <Coords points="552,3109 549,3157 634,3157 634,3153 638,3153 641,3153 689,3116 740,3153 744,3153 747,3153 750,3157 901,3157 901,3153 904,3153 907,3153 962,3109 1314,3119 1341,3150 1348,3153 1348,3157 1351,3157 1355,3157 1358,3157 1361,3157 1389,3150 1501,3112 1539,3130 1542,3130 1546,3130 1699,3116 1747,3140 1751,3140 1754,3140 1945,3126 2037,3143 2112,3157 2116,3157 2119,3157 2123,3157 2140,3143 2157,3130 2194,3143 2222,3150 2225,3150 2228,3150 2232,3150 2235,3150 2242,3143 2256,3133 2266,3140 2283,3157 2286,3157 2290,3157 2293,3157 2297,3157 2341,3140 2344,3102 2334,2976 2205,3020 2146,2979 2140,2976 2136,2976 2133,2976 2129,2976 2126,2976 2123,2976 2116,2983 2048,3037 1993,3037 1942,2986 1931,2979 1931,2976 1928,2976 1925,2976 1774,2976 1771,2976 1768,2976 1764,2976 1764,2979 1747,2993 1703,3034 1641,2996 1607,2976 1604,2976 1600,2976 1597,2976 1594,2976 1590,2976 1553,3000 1512,3024 1457,3010 1454,3010 1450,3010 1447,3010 1443,3010 1419,3034 1286,3034 1262,3007 1228,2976 1228,2973 1225,2973 1221,2973 1218,2973 1037,2986 979,2969 976,2969 935,2969 931,2969 928,2969 925,2969 925,2973 870,3020 860,3031 682,3031 675,3024 645,3007 641,3007 638,3007 634,3007 631,3007 552,3027 552,3109"/>
        <Baseline points="552,3109 1068,3085 2344,3102"/>
        <TextEquiv>
          <Unicode>Ihr durchſtudirt die gros und kleine Welt,</Unicode>
        </TextEquiv>
      </TextLine>

      
      
      <TextLine id="eSc_line_92a42494" custom="structure {type:default;}">
        <Coords points="525,3242 525,3269 566,3297 570,3297 573,3297 576,3297 580,3297 665,3269 935,3269 1037,3321 1041,3321 1044,3324 1116,3324 1116,3321 1119,3321 1122,3321 1191,3269 1194,3266 1239,3266 1324,3266 1324,3269 1375,3317 1375,3321 1378,3321 1382,3321 1385,3324 1638,3324 1638,3321 1641,3321 1730,3273 1733,3273 1737,3273 1863,3321 1867,3321 1870,3321 1873,3321 1935,3290 2000,3310 2003,3310 2007,3310 2010,3310 2071,3276 2088,3269 2160,3276 2164,3242 2157,3170 2119,3181 2099,3170 2030,3133 2027,3133 2024,3133 2020,3133 1966,3157 1928,3130 1925,3130 1921,3130 1918,3130 1914,3130 1819,3160 1754,3130 1751,3130 1747,3130 1744,3130 1675,3167 1631,3130 1628,3130 1624,3130 1529,3130 1525,3130 1522,3130 1518,3130 1450,3174 1396,3170 1358,3133 1358,3130 1355,3130 1351,3130 1191,3130 1187,3130 1184,3130 1181,3130 1122,3177 1116,3181 965,3181 931,3181 866,3153 863,3153 860,3153 856,3153 853,3153 853,3157 826,3181 826,3184 658,3184 655,3181 604,3153 600,3153 597,3153 593,3153 525,3181 525,3242"/>
        <Baseline points="525,3242 2164,3242"/>
        <TextEquiv>
          <Unicode>Um es am Ende gehn zu laſſen</Unicode>
        </TextEquiv>
      </TextLine>

      
      
      <TextLine id="eSc_line_0b449e63" custom="structure {type:default;}">
        <Coords points="529,3413 529,3430 1341,3409 1344,3389 1334,3273 1177,3276 1174,3276 1170,3276 1157,3287 1095,3331 1054,3331 1024,3300 1017,3293 1017,3290 1013,3290 1010,3290 1006,3290 1003,3290 1000,3290 983,3304 935,3331 877,3317 873,3317 870,3317 866,3317 836,3334 805,3317 764,3297 761,3297 757,3297 754,3297 706,3314 634,3297 631,3297 628,3297 624,3297 621,3297 566,3338 559,3345 525,3345 529,3413"/>
        <Baseline points="529,3413 1344,3389"/>
        <TextEquiv>
          <Unicode>Wie’s Gott gefällt.</Unicode>
        </TextEquiv>
      </TextLine>

      
      
      <TextLine id="eSc_line_13fe704d" custom="structure {type:default;}">
        <Coords points="522,3573 522,3607 1075,3607 1099,3618 1157,3648 1160,3648 1163,3648 1167,3648 1221,3621 1242,3611 1266,3621 1327,3655 1331,3655 1334,3655 1604,3645 1607,3645 1655,3631 1737,3607 1839,3607 1904,3635 1949,3655 1952,3655 1955,3659 2116,3659 2116,3655 2119,3655 2123,3655 2140,3642 2167,3621 2194,3642 2198,3642 2201,3642 2205,3642 2208,3642 2304,3614 2341,3645 2351,3655 2355,3655 2358,3655 2362,3659 2853,3659 2856,3580 2856,3471 2795,3444 2792,3444 2788,3444 2785,3444 2781,3444 2751,3471 2730,3488 2624,3488 2607,3471 2580,3447 2577,3447 2573,3447 2570,3447 2437,3467 2245,3433 2242,3433 2129,3457 2075,3433 2071,3433 2068,3433 2065,3433 1962,3478 1938,3488 1795,3488 1781,3478 1720,3433 1716,3433 1713,3433 1669,3433 1665,3433 1662,3433 1556,3478 1542,3488 1382,3488 1372,3481 1286,3437 1283,3437 1027,3433 1024,3433 1020,3433 1017,3433 1000,3450 969,3433 965,3433 962,3433 959,3433 955,3433 914,3467 873,3440 870,3440 866,3440 863,3440 860,3440 856,3440 805,3485 802,3488 709,3488 709,3485 648,3433 645,3433 641,3433 638,3433 634,3433 631,3433 631,3437 573,3485 573,3488 522,3488 522,3573"/>
        <Baseline points="522,3573 1904,3560 2856,3580"/>
        <TextEquiv>
          <Unicode>Vergebens daß ihr ringsum wiſſenſchafftlich ſchweift,</Unicode>
        </TextEquiv>
      </TextLine>

      
      
      <TextLine id="eSc_line_219e2119" custom="structure {type:default;}">
        <Coords points="525,3727 525,3775 610,3775 610,3771 614,3771 617,3771 665,3744 826,3768 843,3768 846,3768 849,3768 860,3764 935,3744 1054,3761 1058,3761 1061,3761 1064,3761 1068,3761 1092,3744 1344,3754 1413,3758 1416,3758 1505,3751 1716,3737 1733,3747 1744,3758 1747,3758 1751,3758 1754,3758 1757,3758 1778,3747 1792,3741 1812,3747 1884,3764 1887,3764 1890,3764 1894,3764 1972,3744 1993,3737 2010,3741 2068,3761 2071,3761 2075,3764 2276,3764 2276,3761 2478,3730 2478,3713 2474,3655 2409,3631 2406,3631 2402,3631 2399,3631 2348,3645 2314,3614 2314,3611 2310,3611 2307,3611 2256,3611 2252,3611 2249,3611 2245,3611 2245,3614 2201,3652 2071,3652 2051,3631 2051,3628 2048,3628 2044,3628 2041,3628 2037,3628 1983,3655 1901,3614 1897,3614 1894,3614 1890,3614 1887,3614 1832,3659 1696,3659 1648,3614 1645,3614 1641,3614 1638,3614 1634,3614 1631,3614 1631,3618 1594,3655 1488,3662 1368,3662 1256,3618 1252,3618 1174,3618 1170,3618 1167,3618 1163,3618 1122,3648 1037,3618 1034,3618 1030,3618 1027,3618 1024,3618 983,3645 948,3621 945,3621 942,3621 846,3621 843,3621 839,3621 836,3621 785,3665 740,3665 696,3624 696,3621 692,3621 689,3621 610,3621 607,3621 604,3621 522,3662 525,3727"/>
        <Baseline points="525,3727 2478,3713"/>
        <TextEquiv>
          <Unicode>Ein ieder lernt nur was er lernen kann.</Unicode>
        </TextEquiv>
      </TextLine>

      
      
      <TextLine id="eSc_line_cb4acbfb" custom="structure {type:default;}">
        <Coords points="518,3884 518,3908 634,3925 638,3925 641,3925 645,3925 645,3921 658,3908 662,3908 669,3908 723,3921 727,3921 880,3911 989,3901 1000,3911 1041,3945 1044,3945 1047,3945 1051,3949 1160,3949 1160,3945 1163,3945 1228,3911 1252,3898 1331,3911 1426,3925 1430,3925 1433,3925 1471,3911 1498,3898 1518,3911 1559,3938 1563,3938 1566,3938 1570,3938 1911,3935 1914,3935 1918,3935 1945,3911 1945,3863 1938,3747 1853,3741 1850,3741 1846,3741 1843,3741 1843,3744 1832,3751 1785,3795 1689,3799 1512,3799 1477,3768 1474,3768 1471,3768 1372,3754 1368,3754 1365,3754 1361,3754 1331,3775 1293,3799 1266,3775 1225,3744 1221,3744 1218,3744 1215,3744 1211,3744 1102,3785 1078,3792 1064,3785 986,3744 983,3744 979,3744 938,3747 935,3747 931,3747 931,3751 887,3792 877,3802 870,3795 815,3747 812,3747 808,3747 805,3747 614,3751 610,3751 607,3751 607,3754 549,3809 549,3812 515,3812 518,3884"/>
        <Baseline points="518,3884 1945,3863"/>
        <TextEquiv>
          <Unicode>Doch der den Augenblick ergreift,</Unicode>
        </TextEquiv>
      </TextLine>

      
      
      <TextLine id="eSc_line_0177cd04" custom="structure {type:default;}">
        <Coords points="525,4037 525,4065 703,4065 706,4065 733,4082 737,4082 740,4082 744,4082 747,4082 788,4065 798,4061 832,4065 942,4078 945,4078 948,4078 976,4065 989,4061 1617,4068 1621,4024 1614,3904 1546,3904 1542,3904 1539,3904 1536,3904 1532,3908 1447,3959 1348,3921 1344,3921 1341,3921 1338,3921 1334,3921 1334,3925 1300,3956 1262,3925 1256,3918 1252,3918 1249,3918 1245,3918 1242,3918 1239,3918 1225,3928 1167,3966 1058,3966 1027,3942 993,3911 989,3911 986,3911 832,3911 829,3911 826,3911 822,3911 771,3945 699,3928 696,3928 692,3928 689,3928 686,3928 645,3966 607,3949 604,3949 600,3949 597,3949 522,3973 525,4037"/>
        <Baseline points="525,4037 1621,4024"/>
        <TextEquiv>
          <Unicode>Das iſt der rechte Mann.</Unicode>
        </TextEquiv>
      </TextLine>

      
      
      <TextLine id="eSc_line_73f866f5" custom="structure {type:default;}">
        <Coords points="525,4194 525,4246 580,4246 580,4242 583,4242 587,4242 587,4239 610,4218 682,4218 703,4235 703,4239 706,4239 709,4239 713,4239 716,4239 768,4222 808,4239 812,4239 815,4239 819,4239 863,4215 1024,4235 1027,4235 1030,4235 1071,4218 1092,4235 1095,4235 1099,4235 1102,4235 1109,4235 1280,4208 1317,4232 1320,4232 1324,4232 1327,4232 1331,4232 1334,4232 1375,4208 1443,4208 1467,4229 1467,4232 1471,4232 1474,4232 1477,4232 1491,4232 1607,4205 1634,4225 1634,4229 1638,4229 1641,4229 1645,4229 1655,4229 1778,4205 1996,4222 2000,4174 1989,4061 1826,4065 1822,4065 1819,4065 1815,4068 1744,4113 1703,4113 1655,4075 1648,4068 1645,4068 1641,4068 1638,4068 1634,4068 1611,4078 1539,4109 1488,4085 1454,4068 1450,4068 1365,4068 1361,4068 1358,4068 1355,4068 1327,4092 1300,4116 1256,4116 1191,4099 1099,4072 1095,4072 1092,4072 1088,4072 1085,4072 1030,4106 1003,4123 976,4123 965,4109 931,4078 931,4075 928,4075 925,4075 819,4075 815,4075 812,4075 808,4075 808,4078 764,4119 757,4126 692,4126 689,4123 641,4078 638,4078 634,4078 593,4078 590,4078 587,4078 583,4078 522,4119 525,4194"/>
        <Baseline points="525,4194 2000,4174"/>
        <TextEquiv>
          <Unicode>Ihr ſeyd noch ziemlich wohl gebaut,</Unicode>
        </TextEquiv>
      </TextLine>

      
      
      <TextLine id="eSc_line_1bb04ca2" custom="structure {type:default;}">
        <Coords points="501,4355 501,4379 512,4389 512,4392 515,4392 518,4392 522,4392 699,4386 744,4423 747,4423 750,4423 754,4423 757,4423 942,4372 1088,4389 1092,4389 1095,4389 1126,4375 1259,4416 1262,4416 1266,4416 1505,4413 1508,4413 1512,4413 1512,4410 1556,4369 1867,4358 1928,4406 1931,4406 1935,4406 1938,4410 2034,4410 2034,4406 2037,4406 2133,4355 2293,4348 2293,4331 2283,4266 2242,4266 2239,4266 2177,4208 2177,4205 2174,4205 2170,4205 2054,4205 2051,4205 2048,4205 2044,4205 2044,4208 2013,4235 1931,4208 1928,4208 1925,4208 1921,4208 1918,4208 1846,4263 1706,4212 1703,4212 1699,4212 1696,4212 1693,4212 1597,4273 1488,4215 1484,4215 1481,4215 1477,4215 1368,4263 1293,4215 1290,4215 1286,4215 1283,4215 1280,4215 1276,4215 1187,4280 1184,4283 979,4283 976,4283 921,4235 921,4232 918,4232 914,4232 911,4232 907,4232 873,4246 839,4222 836,4222 832,4222 750,4222 747,4222 744,4222 740,4222 740,4225 669,4287 669,4290 628,4290 628,4287 587,4256 583,4256 580,4256 576,4256 573,4256 498,4283 501,4355"/>
        <Baseline points="501,4355 2293,4331"/>
        <TextEquiv>
          <Unicode>An Kühnheit wirds euch auch nicht fehlen,</Unicode>
        </TextEquiv>
      </TextLine>

      
      
      <TextLine id="eSc_line_63c19b49" custom="structure {type:default;}">
        <Coords points="505,4519 505,4549 716,4567 720,4567 877,4546 890,4546 894,4546 952,4577 955,4577 959,4580 1030,4580 1030,4577 1034,4577 1099,4546 1208,4573 1211,4573 1215,4573 1327,4570 1331,4570 1334,4570 1334,4567 1355,4549 1389,4570 1392,4570 1396,4570 1399,4570 1518,4567 1522,4567 1580,4539 1594,4532 1600,4536 1648,4560 1652,4560 1655,4560 1658,4560 1703,4539 1761,4560 1764,4560 1768,4563 1952,4563 1952,4560 2030,4556 2034,4556 2037,4556 2078,4532 2092,4526 2402,4526 2406,4488 2396,4372 2276,4375 2273,4375 2269,4375 2269,4379 2249,4399 2205,4379 2194,4375 2191,4375 2187,4375 2184,4375 2181,4375 2177,4379 2116,4433 2058,4437 2013,4416 2010,4416 2007,4416 2003,4416 2000,4416 1972,4437 1914,4392 1901,4382 1897,4382 1894,4382 1890,4382 1836,4389 1832,4389 1829,4389 1819,4396 1754,4444 1713,4420 1710,4420 1706,4420 1703,4420 1699,4420 1699,4423 1675,4447 1556,4447 1467,4433 1443,4413 1413,4389 1409,4389 1406,4389 1402,4389 1293,4399 1290,4399 1286,4399 1259,4423 1215,4457 1163,4457 1136,4427 1102,4399 1102,4396 1099,4396 1095,4396 1092,4396 1088,4396 1085,4396 1027,4433 986,4461 829,4461 805,4444 761,4403 757,4403 754,4403 682,4403 679,4403 675,4403 672,4403 672,4406 645,4430 580,4410 576,4410 573,4410 570,4410 566,4410 501,4447 505,4519"/>
        <Baseline points="505,4519 1239,4519 2406,4488"/>
        <TextEquiv>
          <Unicode>Und wenn ihr euch nur ſelbſt vertraut</Unicode>
        </TextEquiv>
      </TextLine>

      
      
      <TextLine id="eSc_line_9b8fe5ec" custom="structure {type:default;}">
        <Coords points="505,4686 505,4734 791,4734 826,4737 962,4765 965,4765 1160,4761 1163,4761 1167,4761 1167,4758 1170,4758 1184,4737 1187,4734 1324,4720 1460,4737 1508,4744 1512,4744 1515,4744 1529,4737 1583,4713 1638,4737 1665,4751 1669,4751 1672,4751 1826,4737 1969,4727 2013,4737 2034,4744 2037,4744 2041,4744 2044,4744 2065,4737 2123,4720 2191,4737 2198,4648 2191,4573 1887,4532 1884,4532 1880,4532 1877,4532 1822,4580 1812,4590 1713,4590 1710,4584 1658,4543 1658,4539 1655,4539 1652,4539 1600,4539 1597,4539 1594,4539 1501,4590 1491,4594 1484,4590 1399,4546 1396,4546 1392,4546 1290,4563 1269,4546 1266,4546 1262,4546 1259,4546 1122,4560 1119,4560 1116,4560 1116,4563 1078,4601 1075,4608 832,4608 829,4608 781,4563 781,4560 778,4560 774,4560 723,4560 720,4560 716,4560 713,4560 713,4563 679,4594 624,4563 621,4563 617,4563 614,4563 610,4563 539,4614 535,4618 501,4618 505,4686"/>
        <Baseline points="505,4686 2198,4648"/>
        <TextEquiv>
          <Unicode>Vertrauen euch die andern Seelen.</Unicode>
        </TextEquiv>
      </TextLine>

      
    </TextRegion>
    

    
  </Page>
</PcGts>
