4096 6144
764 959 2362 1153 Erkenneſt dann der Sterne Lauf
757 1119 2505 1286 Und wenn Natur dich unterweist
762 1239 2606 1474 Dann geht die Seelenkrafft dir auf
757 1450 2751 1638 Wie ſpricht ein Geiſt zum andern Geiſt.
757 1590 2611 1781 Umſonſt daß trocknes Sinnen hier
754 1740 2420 1928 Die heilgen Zeichen dir erklärt
761 1894 2542 2102 Ihr ſchwebt ihr Geiſter neben mir
754 2058 2669 2273 Antwortet mir wenn ihr mich hört.
1191 2259 3037 2484 /:er ſchlägt das Buch auf und erblickt das
1201 2443 2491 2621 Zeichen des Makrokosmus :/
788 2641 2587 2833 Ha welche Wonne fließt in dieſem Blick
740 2805 2699 2945 Auf einmal mir durch alle meine Sinnen.
750 2925 2358 3106 Ich fühle iunges heilges Lebens glück,
744 3065 2863 3252 Fühl neue Glut durch Nerv und Adern rinnen.
730 3194 2747 3416 War es ein Gott der dieſe Zeichen ſchrieb?
730 3358 2164 3512 Die all das innre Toben ſtillen
737 3485 2314 3686 Das arme Herz mit Freude füllen
727 3652 2263 3822 Und mit geheimniſſvollen Trieb
723 3788 2085 3986 Die Kräffte der Natur enthüllen
727 3966 2484 4150 Bin ich ein Gott? mir wird ſo licht!
727 4119 2245 4331 Ich ſchau in dieſen reinen Zügen
713 4283 2843 4437 Die winkende Natur vor meiner Seele liegen.
703 4430 2669 4689 Jetzt erſt erkenn’ ich was der Weiſe ſpricht:
