4096 6144
3123 781 3457 993 548.
419 948 2433 1143 Daß Demuth, Niedrigkeit die höchſten Gaben
409 1092 1901 1259 Der Liebaustheilenden Natur –
1501 1235 1904 1385 Margr:
392 1351 2563 1536 Denkt ihr an mich ein Augenblickgen nur
433 1484 2771 1679 Ich werde Zeit genug an euch zu denken haben.
1590 1641 1877 1812 Fauſt
440 1764 1710 1952 Ihr ſeyd wohl viel allein.
1675 1914 2065 2095 Margr:
409 2041 2167 2205 Ja unſre Wirthſchafft iſt nur klein
395 2184 2020 2321 Und doch will ſie verſehen ſeyn.
395 2300 2788 2457 Wir haben keine Magt muß kochen, fegen, ſtricken,
395 2430 2208 2611 Und nehn, und lauffen früh und ſpat.
389 2549 1981 2759 Und meine Mutter iſt in allen
2298 2544 2723 2718 Stücken,
389 2703 962 2860 So accurat.
389 2809 2805 2986 Nicht daſſ ſie iuſt ſo ſehr ſich einzuſchränken hat,
385 2959 2389 3109 Wir könten uns weit eh als andre regen
389 3068 2631 3242 Mein Vater hinterlies ein hüpbſch Vermögen
406 3205 2798 3375 Ein Häusgen und ein Gärtgen vor der Stadt.
389 3338 2228 3498 Doch hab ich iezt ſo ziemlich ſtille Tage
378 3461 1665 3621 Mein Bruder iſt Soldat
375 3587 1720 3768 Mein Schweſtergen iſt todt
389 3737 2577 3928 Ich hatte mit dem Kind wohl meine liebe Noth
378 3904 2720 4096 Doch übernähm ich gern noch ein mal alle Plage,
389 4044 1850 4167 So lieb war mir das Kind.
1532 4143 1822 4358 Fauſt
1764 4256 3031 4498 Ein Engel wenn dirs glich.
1477 4430 1880 4584 Margr:
389 4520 2385 4792 Ich zog es auf und herzlich liebt es mich
