4096 6144
3273 740 3587 911 562.
542 969 3543 1198 Menſchheit. Hier! Hier! – Auf! – Dein Zagen zögert den
552 1160 1177 1358 Todt heran!
1187 1228 3167 1454 /: er faſſt das Schloſſ es ſingt innwendig :/
1184 1447 2317 1648 Meine Mutter die Hur
1181 1600 2362 1788 Die mich umgebracht hat
1187 1754 2338 1921 Mein Vater der Schelm
1191 1880 2269 2082 Der mich geſſen hat
1187 2027 2430 2194 Mein Schweſterlein klein
1194 2174 2048 2382 Hub auf die Bein
1201 2317 2351 2501 An einen kühlen Ort,
1187 2495 3031 2679 Da ward ich ein ſchönes Waldvögelein
1187 2652 2512 2863 Fliege fort! Fliege fort!
866 2856 3594 3078 Faust /: zittert wankt ermannt ſich und ſchließt auf, er hört
1163 3013 3375 3194 die Ketten klirren und das Stroh rauſchen :/
1655 3194 3665 3382 Margarethe /: ſich verbergend auf ihrem Lager :/
552 3331 2549 3566 Weh! Weh! ſie kommen. Bittrer Todt!
1737 3485 2426 3686 Fauſt / leiſe :/
566 3648 3682 3918 Still! Ich komme dich zu befreyn. /: er faſſt ihre Ketten ſie aufzuſchlieſſen
1774 3853 2590 4014 Marg: /: wehrend :/
563 3986 3556 4287 Weg! Um Mitternacht! Hencker iſt dir’s morgen frühe nicht zeitig
570 4273 938 4427 gnug.
1952 4263 2273 4471 Fauſt
559 4437 955 4686 Laſſ!
