4096 6144
3358 701 3660 890 535.
1655 849 1989 1064 Froſch
494 993 3703 1211 Kommt wir wecken die Häſcher unterm Rathaus, für ein Trinck=
501 1157 2836 1348 geld thun die wohl ihre Schuldigkeit. Fort!
1723 1276 2054 1433 Siebel
491 1402 3587 1662 Sollte wohl der Wein noch laufen. /: er viſitirt die Pfropfen :/
1822 1597 2181 1744 Alten
515 1727 2645 1911 Bildt dirs nicht ein! Trocken wie Holz!
1822 1856 2215 2075 Froſch
498 1996 1768 2235 Fort ihr Burſche! Fort!
2304 2037 3087 2278 /: alle ab :/
1628 2348 2491 2515 Land Straſe.
655 2488 3474 2754 Ein Kreuz am Wēge, rechts auf dem Hügel ein altes
640 2641 2780 2913 Schloß, in der Ferne ein Bauerhüttgen.
1863 2790 2170 3051 Fauſt
505 2986 2467 3222 Was giebts Mephiſto haſt du Eil?
505 3160 3126 3382 Was ſchlägſt vorm Kreuz die Augen nieder
1689 3317 2135 3553 Meph:
517 3450 2544 3701 Ich weis wohl es iſt ein Vorurtheil,
498 3642 3123 3880 Allein genung mir iſts einmal zuwieder.
