4096 6144
1484 629 1950 829 Herold
976 791 3464 989 Die jetzo kommen werdet ihr nicht kennen
925 904 3638 1133 Wärt ihr noch ſo gelehrt in alten Schriften;
907 1054 3372 1286 Sie anzuſehn die ſo viel Ubel ſtiften
938 1201 3730 1396 Ihr würdet ſie willkommne Gäſte nennen.
957 1397 3742 1669 Die Furien ſind es, niemand wird uns glauben,
911 1556 3701 1812 Hübſch, wohlgeſtaltet, freundlich, jung von Jahren;
983 1679 3619 1930 Laßt euch mit ihnen ein ihr ſollt erfahren
952 1836 3621 2058 Wie ſchlangenhaft verletzen ſolche Tauben.
1003 1960 3752 2252 Zwar ſind ſie tückiſch, doch am heutigen Tagen,
921 2129 3732 2396 Wo jeder Narr ſich rühmet ſeiner Mängel,
948 2297 3730 2566 Auch ſie verlangen nicht den Ruhm als Engel
952 2437 3604 2713 Bekennen ſich als Stadt und Landesplage.
1792 2713 2338 2833 Alekto.
942 2805 3752 3077 Was hilfte es euch, ihr werdet uns vertrauen,
921 2949 3742 3235 Denn wir ſind hübſch und jung und Schmeichelkätzchen,
916 3097 3665 3379 Hat einer unter euch ein Liebe=Schätzchen;
918 3256 3669 3495 Wir werden ihm ſo lange die Ohren krauen
925 3471 3563 3720 Bis wir ihm ſagen dürfen, Aug an Auge:
918 3631 3696 3850 Daß ſie zugleich auch dem und jenem wincke,
901 3741 3713 3997 Im Kopfe dumm, im Rücken krumm, und hincke,
901 3863 3717 4130 Und, wenn ſie ſeine Braut iſt, gar nichts tauge.
907 4133 3727 4372 So wiſſen wir die Braut auch zu bedrängen:
914 4280 3720 4512 Es hat ſogar der Freund, vor wenig Wochen,
914 4410 3652 4645 Verächtliches von ihr zu der geſprochen!
897 4546 3737 4823 Verſöhnt man ſich ſo bleibt doch etwas hängen.
