4096 6144
1522 518 1986 740 Klotho.
1143 713 2949 904 Wiſſt, in dieſen letzten Tagen
1133 832 3188 1027 Ward die Scheere mir vertraut;
1126 979 3351 1140 Denn man war von dem Betragen
1129 1085 3065 1262 Unſrer Alten nicht erbaut.
1146 1418 2938 1628 Lange ſie an Licht und Luft,
1160 1300 3044 1522 Zerrt unnützeſte Geſpinſte
1112 1549 3358 1764 Hoffnung herrlichſter Gewinnſte
1177 1617 3537 1935 Schleppt ſie ſchneidend zu der Gruft.
1143 1880 3252 2102 Doch auch ich, im Jugend=Walten,
1088 2027 3201 2245 Irrte mich ſchon hundertmal;
1112 2164 3450 2379 Heute, mich im Zaum zu halten,
1131 2263 3010 2519 Scheere ſtickt im Futteral.
1109 2512 3133 2693 Und ſo bin ich gern gebunden,
1088 2618 3136 2819 Blicke freundlich dieſem Ort;
1102 2751 3119 2945 Ihr in dieſen freyen Stunden
1090 2867 3502 3087 Schwärmt nur immer fort und fort.
1648 3051 2327 3283 Lacheſis.
1150 3208 3041 3409 Mir, die ich allein verſtändig,
1116 3328 3358 3536 Blieb das Ordnen zugetheilt.
1112 3464 3307 3659 Meine Weife, ſtets lebendig
1136 3570 2973 3812 Hat noch nie ſich übereilt.
1177 3795 3638 4007 Fäden kommen, Fäden weifen,
1119 3945 3078 4136 Jeden lenck ich ſeine Bahn,
1116 4049 3333 4290 Keinen laß ich überſchweifen,
1143 4198 2935 4430 Füg er ſich im Kreis heran.
1129 4430 3328 4645 Könnt ich einmal mich vergeſſen
1126 4577 3413 4758 Wär es um die Welt mir bang;
1136 4700 3396 4911 Stunden zählen, Jahre meſſen
1133 4823 3368 5058 Und der Weber nimmt den Strang.
